%YAML 1.1
%TAG !u! tag:unity3d.com,2011:
--- !u!1 &6129207560977340362
GameObject:
  m_ObjectHideFlags: 0
  m_CorrespondingSourceObject: {fileID: 0}
  m_PrefabInstance: {fileID: 0}
  m_PrefabAsset: {fileID: 0}
  serializedVersion: 6
  m_Component:
  - component: {fileID: 68976559311197760}
  - component: {fileID: 2070592352086078364}
  - component: {fileID: 4361779492038870545}
  m_Layer: 8
  m_Name: Lime
  m_TagString: Untagged
  m_Icon: {fileID: 0}
  m_NavMeshLayer: 0
  m_StaticEditorFlags: 0
  m_IsActive: 1
--- !u!4 &68976559311197760
Transform:
  m_ObjectHideFlags: 0
  m_CorrespondingSourceObject: {fileID: 0}
  m_PrefabInstance: {fileID: 0}
  m_PrefabAsset: {fileID: 0}
  m_GameObject: {fileID: 6129207560977340362}
  m_LocalRotation: {x: 0, y: 0, z: 0, w: 1}
  m_LocalPosition: {x: 0, y: 0, z: 0}
  m_LocalScale: {x: 1, y: 1, z: 1}
  m_Children:
  - {fileID: 1302087243518483994}
  m_Father: {fileID: 0}
  m_RootOrder: 0
  m_LocalEulerAnglesHint: {x: 0, y: 0, z: 0}
--- !u!65 &2070592352086078364
BoxCollider:
  m_ObjectHideFlags: 0
  m_CorrespondingSourceObject: {fileID: 0}
  m_PrefabInstance: {fileID: 0}
  m_PrefabAsset: {fileID: 0}
  m_GameObject: {fileID: 6129207560977340362}
  m_Material: {fileID: 0}
  m_IsTrigger: 0
  m_Enabled: 1
  serializedVersion: 2
  m_Size: {x: 0.27, y: 0.15, z: 0.1}
  m_Center: {x: 0, y: 0.05, z: 0}
--- !u!114 &4361779492038870545
MonoBehaviour:
  m_ObjectHideFlags: 0
  m_CorrespondingSourceObject: {fileID: 0}
  m_PrefabInstance: {fileID: 0}
  m_PrefabAsset: {fileID: 0}
  m_GameObject: {fileID: 6129207560977340362}
  m_Enabled: 1
  m_EditorHideFlags: 0
  m_Script: {fileID: 11500000, guid: 27ef612e59a94209ea24adb87dc8b88c, type: 3}
  m_Name: 
  m_EditorClassIdentifier: 
  offsetEulerAngle: {x: 0, y: 0, z: 0}
  offsetPosition: {x: 0, y: 0, z: 0}
  collider: {fileID: 2070592352086078364}
--- !u!1001 &6299205184038188288
PrefabInstance:
  m_ObjectHideFlags: 0
  serializedVersion: 2
  m_Modification:
    m_TransformParent: {fileID: 68976559311197760}
    m_Modifications:
    - target: {fileID: -4216859302048453862, guid: 62058ac3fdc6bc3be971c19b8d4b5cac,
        type: 3}
      propertyPath: m_LocalPosition.x
      value: -0
      objectReference: {fileID: 0}
    - target: {fileID: -4216859302048453862, guid: 62058ac3fdc6bc3be971c19b8d4b5cac,
        type: 3}
      propertyPath: m_LocalPosition.y
      value: 0.05
      objectReference: {fileID: 0}
    - target: {fileID: -4216859302048453862, guid: 62058ac3fdc6bc3be971c19b8d4b5cac,
        type: 3}
      propertyPath: m_LocalPosition.z
      value: 0
      objectReference: {fileID: 0}
    - target: {fileID: -4216859302048453862, guid: 62058ac3fdc6bc3be971c19b8d4b5cac,
        type: 3}
      propertyPath: m_LocalRotation.x
      value: 0
      objectReference: {fileID: 0}
    - target: {fileID: -4216859302048453862, guid: 62058ac3fdc6bc3be971c19b8d4b5cac,
        type: 3}
      propertyPath: m_LocalRotation.y
      value: -0
      objectReference: {fileID: 0}
    - target: {fileID: -4216859302048453862, guid: 62058ac3fdc6bc3be971c19b8d4b5cac,
        type: 3}
      propertyPath: m_LocalRotation.z
      value: -0
      objectReference: {fileID: 0}
    - target: {fileID: -4216859302048453862, guid: 62058ac3fdc6bc3be971c19b8d4b5cac,
        type: 3}
      propertyPath: m_LocalRotation.w
      value: 1
      objectReference: {fileID: 0}
    - target: {fileID: -4216859302048453862, guid: 62058ac3fdc6bc3be971c19b8d4b5cac,
        type: 3}
      propertyPath: m_RootOrder
      value: 0
      objectReference: {fileID: 0}
    - target: {fileID: -4216859302048453862, guid: 62058ac3fdc6bc3be971c19b8d4b5cac,
        type: 3}
      propertyPath: m_LocalEulerAnglesHint.x
      value: 0
      objectReference: {fileID: 0}
    - target: {fileID: -4216859302048453862, guid: 62058ac3fdc6bc3be971c19b8d4b5cac,
        type: 3}
      propertyPath: m_LocalEulerAnglesHint.y
      value: 0
      objectReference: {fileID: 0}
    - target: {fileID: -4216859302048453862, guid: 62058ac3fdc6bc3be971c19b8d4b5cac,
        type: 3}
      propertyPath: m_LocalEulerAnglesHint.z
      value: 0
      objectReference: {fileID: 0}
    - target: {fileID: -927199367670048503, guid: 62058ac3fdc6bc3be971c19b8d4b5cac,
        type: 3}
      propertyPath: m_Name
      value: Mesh
      objectReference: {fileID: 0}
    m_RemovedComponents: []
  m_SourcePrefab: {fileID: 100100000, guid: 62058ac3fdc6bc3be971c19b8d4b5cac, type: 3}
--- !u!4 &1302087243518483994 stripped
Transform:
  m_CorrespondingSourceObject: {fileID: -4216859302048453862, guid: 62058ac3fdc6bc3be971c19b8d4b5cac,
    type: 3}
  m_PrefabInstance: {fileID: 6299205184038188288}
  m_PrefabAsset: {fileID: 0}
