%YAML 1.1
%TAG !u! tag:unity3d.com,2011:
--- !u!1 &6574872102613344891
GameObject:
  m_ObjectHideFlags: 0
  m_CorrespondingSourceObject: {fileID: 0}
  m_PrefabInstance: {fileID: 0}
  m_PrefabAsset: {fileID: 0}
  serializedVersion: 6
  m_Component:
  - component: {fileID: 6574872102613344890}
  - component: {fileID: 6574872102613344885}
  m_Layer: 11
  m_Name: GameObject (11)
  m_TagString: Untagged
  m_Icon: {fileID: 0}
  m_NavMeshLayer: 0
  m_StaticEditorFlags: 0
  m_IsActive: 1
--- !u!4 &6574872102613344890
Transform:
  m_ObjectHideFlags: 0
  m_CorrespondingSourceObject: {fileID: 0}
  m_PrefabInstance: {fileID: 0}
  m_PrefabAsset: {fileID: 0}
  m_GameObject: {fileID: 6574872102613344891}
  m_LocalRotation: {x: 8.1259655e-10, y: 0.36133394, z: -0.0000000019896986, w: 0.9324365}
  m_LocalPosition: {x: 2.213274, y: 1.402, z: 1.7839622}
  m_LocalScale: {x: 1, y: 1, z: 1}
  m_Children: []
  m_Father: {fileID: 6574872103774258218}
  m_RootOrder: 4
  m_LocalEulerAnglesHint: {x: 0, y: 42.364002, z: 0}
--- !u!65 &6574872102613344885
BoxCollider:
  m_ObjectHideFlags: 0
  m_CorrespondingSourceObject: {fileID: 0}
  m_PrefabInstance: {fileID: 0}
  m_PrefabAsset: {fileID: 0}
  m_GameObject: {fileID: 6574872102613344891}
  m_Material: {fileID: 0}
  m_IsTrigger: 0
  m_Enabled: 1
  serializedVersion: 2
  m_Size: {x: 0.7893505, y: 0.9398141, z: 1.2838095}
  m_Center: {x: -0.047875404, y: -0.38847345, z: -0.02425325}
--- !u!1 &6574872102771712397
GameObject:
  m_ObjectHideFlags: 0
  m_CorrespondingSourceObject: {fileID: 0}
  m_PrefabInstance: {fileID: 0}
  m_PrefabAsset: {fileID: 0}
  serializedVersion: 6
  m_Component:
  - component: {fileID: 6574872102771712396}
  - component: {fileID: 6574872102771712399}
  m_Layer: 11
  m_Name: GameObject
  m_TagString: Untagged
  m_Icon: {fileID: 0}
  m_NavMeshLayer: 0
  m_StaticEditorFlags: 0
  m_IsActive: 1
--- !u!4 &6574872102771712396
Transform:
  m_ObjectHideFlags: 0
  m_CorrespondingSourceObject: {fileID: 0}
  m_PrefabInstance: {fileID: 0}
  m_PrefabAsset: {fileID: 0}
  m_GameObject: {fileID: 6574872102771712397}
  m_LocalRotation: {x: -0, y: -0, z: -0, w: 1}
  m_LocalPosition: {x: 0, y: 1.402, z: 2.6220016}
  m_LocalScale: {x: 1, y: 1, z: 1}
  m_Children: []
  m_Father: {fileID: 6574872103774258218}
  m_RootOrder: 15
  m_LocalEulerAnglesHint: {x: 0, y: 0, z: 0}
--- !u!65 &6574872102771712399
BoxCollider:
  m_ObjectHideFlags: 0
  m_CorrespondingSourceObject: {fileID: 0}
  m_PrefabInstance: {fileID: 0}
  m_PrefabAsset: {fileID: 0}
  m_GameObject: {fileID: 6574872102771712397}
  m_Material: {fileID: 0}
  m_IsTrigger: 0
  m_Enabled: 1
  serializedVersion: 2
  m_Size: {x: 0.7893505, y: 0.9398141, z: 1.2325363}
  m_Center: {x: -0.047875404, y: -0.38847232, z: -0.006839752}
--- !u!1 &6574872102854676638
GameObject:
  m_ObjectHideFlags: 0
  m_CorrespondingSourceObject: {fileID: 0}
  m_PrefabInstance: {fileID: 0}
  m_PrefabAsset: {fileID: 0}
  serializedVersion: 6
  m_Component:
  - component: {fileID: 6574872102854676633}
  - component: {fileID: 6574872102854676632}
  m_Layer: 11
  m_Name: GameObject (10)
  m_TagString: Untagged
  m_Icon: {fileID: 0}
  m_NavMeshLayer: 0
  m_StaticEditorFlags: 0
  m_IsActive: 1
--- !u!4 &6574872102854676633
Transform:
  m_ObjectHideFlags: 0
  m_CorrespondingSourceObject: {fileID: 0}
  m_PrefabInstance: {fileID: 0}
  m_PrefabAsset: {fileID: 0}
  m_GameObject: {fileID: 6574872102854676638}
  m_LocalRotation: {x: 0.0000000010325601, y: 0.46454087, z: -0.0000000018849544,
    w: 0.8855517}
  m_LocalPosition: {x: 2.5939999, y: 1.402, z: 1.2929993}
  m_LocalScale: {x: 1, y: 1, z: 1}
  m_Children: []
  m_Father: {fileID: 6574872103774258218}
  m_RootOrder: 5
  m_LocalEulerAnglesHint: {x: 0, y: 55.361004, z: 0}
--- !u!65 &6574872102854676632
BoxCollider:
  m_ObjectHideFlags: 0
  m_CorrespondingSourceObject: {fileID: 0}
  m_PrefabInstance: {fileID: 0}
  m_PrefabAsset: {fileID: 0}
  m_GameObject: {fileID: 6574872102854676638}
  m_Material: {fileID: 0}
  m_IsTrigger: 0
  m_Enabled: 1
  serializedVersion: 2
  m_Size: {x: 0.7893505, y: 0.9398141, z: 1.2769481}
  m_Center: {x: -0.047875408, y: -0.3884716, z: -0.0037726471}
--- !u!1 &6574872103041252945
GameObject:
  m_ObjectHideFlags: 0
  m_CorrespondingSourceObject: {fileID: 0}
  m_PrefabInstance: {fileID: 0}
  m_PrefabAsset: {fileID: 0}
  serializedVersion: 6
  m_Component:
  - component: {fileID: 6574872103041252944}
  - component: {fileID: 6574872103041252947}
  m_Layer: 11
  m_Name: GameObject (2)
  m_TagString: Untagged
  m_Icon: {fileID: 0}
  m_NavMeshLayer: 0
  m_StaticEditorFlags: 0
  m_IsActive: 1
--- !u!4 &6574872103041252944
Transform:
  m_ObjectHideFlags: 0
  m_CorrespondingSourceObject: {fileID: 0}
  m_PrefabInstance: {fileID: 0}
  m_PrefabAsset: {fileID: 0}
  m_GameObject: {fileID: 6574872103041252945}
  m_LocalRotation: {x: -0, y: -0.17222683, z: -0, w: 0.98505735}
  m_LocalPosition: {x: -1.2399998, y: 1.402, z: 2.4309998}
  m_LocalScale: {x: 1, y: 1, z: 1}
  m_Children: []
  m_Father: {fileID: 6574872103774258218}
  m_RootOrder: 13
  m_LocalEulerAnglesHint: {x: 0, y: -19.835001, z: 0}
--- !u!65 &6574872103041252947
BoxCollider:
  m_ObjectHideFlags: 0
  m_CorrespondingSourceObject: {fileID: 0}
  m_PrefabInstance: {fileID: 0}
  m_PrefabAsset: {fileID: 0}
  m_GameObject: {fileID: 6574872103041252945}
  m_Material: {fileID: 0}
  m_IsTrigger: 0
  m_Enabled: 1
  serializedVersion: 2
  m_Size: {x: 0.7893505, y: 0.9398141, z: 1.2516749}
  m_Center: {x: -0.0478754, y: -0.38847232, z: -0.01640913}
--- !u!1 &6574872103271752218
GameObject:
  m_ObjectHideFlags: 0
  m_CorrespondingSourceObject: {fileID: 0}
  m_PrefabInstance: {fileID: 0}
  m_PrefabAsset: {fileID: 0}
  serializedVersion: 6
  m_Component:
  - component: {fileID: 6574872103271752213}
  - component: {fileID: 6574872103271752212}
  m_Layer: 11
  m_Name: GameObject (13)
  m_TagString: Untagged
  m_Icon: {fileID: 0}
  m_NavMeshLayer: 0
  m_StaticEditorFlags: 0
  m_IsActive: 1
--- !u!4 &6574872103271752213
Transform:
  m_ObjectHideFlags: 0
  m_CorrespondingSourceObject: {fileID: 0}
  m_PrefabInstance: {fileID: 0}
  m_PrefabAsset: {fileID: 0}
  m_GameObject: {fileID: 6574872103271752218}
  m_LocalRotation: {x: 4.0680617e-10, y: 0.17154548, z: -0.0000000021103863, w: 0.9851762}
  m_LocalPosition: {x: 1.2252502, y: 1.402, z: 2.4382706}
  m_LocalScale: {x: 1, y: 1, z: 1}
  m_Children: []
  m_Father: {fileID: 6574872103774258218}
  m_RootOrder: 2
  m_LocalEulerAnglesHint: {x: 0, y: 19.755001, z: 0}
--- !u!65 &6574872103271752212
BoxCollider:
  m_ObjectHideFlags: 0
  m_CorrespondingSourceObject: {fileID: 0}
  m_PrefabInstance: {fileID: 0}
  m_PrefabAsset: {fileID: 0}
  m_GameObject: {fileID: 6574872103271752218}
  m_Material: {fileID: 0}
  m_IsTrigger: 0
  m_Enabled: 1
  serializedVersion: 2
  m_Size: {x: 0.7893505, y: 0.9398141, z: 1.2461452}
  m_Center: {x: -0.0478754, y: -0.38847345, z: -0.058615807}
--- !u!1 &6574872103355098080
GameObject:
  m_ObjectHideFlags: 0
  m_CorrespondingSourceObject: {fileID: 0}
  m_PrefabInstance: {fileID: 0}
  m_PrefabAsset: {fileID: 0}
  serializedVersion: 6
  m_Component:
  - component: {fileID: 6574872103355098083}
  - component: {fileID: 6574872103355098082}
  m_Layer: 11
  m_Name: GameObject (9)
  m_TagString: Untagged
  m_Icon: {fileID: 0}
  m_NavMeshLayer: 0
  m_StaticEditorFlags: 0
  m_IsActive: 1
--- !u!4 &6574872103355098083
Transform:
  m_ObjectHideFlags: 0
  m_CorrespondingSourceObject: {fileID: 0}
  m_PrefabInstance: {fileID: 0}
  m_PrefabAsset: {fileID: 0}
  m_GameObject: {fileID: 6574872103355098080}
  m_LocalRotation: {x: 0.0000000012217414, y: 0.5535293, z: -0.0000000017682121, w: 0.8328298}
  m_LocalPosition: {x: 2.8436623, y: 1.402, z: 0.75912094}
  m_LocalScale: {x: 1, y: 1, z: 1}
  m_Children: []
  m_Father: {fileID: 6574872103774258218}
  m_RootOrder: 6
  m_LocalEulerAnglesHint: {x: 0, y: 67.219, z: 0}
--- !u!65 &6574872103355098082
BoxCollider:
  m_ObjectHideFlags: 0
  m_CorrespondingSourceObject: {fileID: 0}
  m_PrefabInstance: {fileID: 0}
  m_PrefabAsset: {fileID: 0}
  m_GameObject: {fileID: 6574872103355098080}
  m_Material: {fileID: 0}
  m_IsTrigger: 0
  m_Enabled: 1
  serializedVersion: 2
  m_Size: {x: 0.7893505, y: 0.9398141, z: 1.2570499}
  m_Center: {x: -0.0478754, y: -0.38847232, z: 0.0054169577}
--- !u!1 &6574872103406111916
GameObject:
  m_ObjectHideFlags: 0
  m_CorrespondingSourceObject: {fileID: 0}
  m_PrefabInstance: {fileID: 0}
  m_PrefabAsset: {fileID: 0}
  serializedVersion: 6
  m_Component:
  - component: {fileID: 6574872103406111919}
  - component: {fileID: 6574872103406111918}
  m_Layer: 11
  m_Name: GameObject (4)
  m_TagString: Untagged
  m_Icon: {fileID: 0}
  m_NavMeshLayer: 0
  m_StaticEditorFlags: 0
  m_IsActive: 1
--- !u!4 &6574872103406111919
Transform:
  m_ObjectHideFlags: 0
  m_CorrespondingSourceObject: {fileID: 0}
  m_PrefabInstance: {fileID: 0}
  m_PrefabAsset: {fileID: 0}
  m_GameObject: {fileID: 6574872103406111916}
  m_LocalRotation: {x: -0, y: -0.36483693, z: -0, w: 0.93107146}
  m_LocalPosition: {x: -2.271, y: 1.402, z: 1.8580017}
  m_LocalScale: {x: 1, y: 1, z: 1}
  m_Children: []
  m_Father: {fileID: 6574872103774258218}
  m_RootOrder: 11
  m_LocalEulerAnglesHint: {x: 0, y: -42.795002, z: 0}
--- !u!65 &6574872103406111918
BoxCollider:
  m_ObjectHideFlags: 0
  m_CorrespondingSourceObject: {fileID: 0}
  m_PrefabInstance: {fileID: 0}
  m_PrefabAsset: {fileID: 0}
  m_GameObject: {fileID: 6574872103406111916}
  m_Material: {fileID: 0}
  m_IsTrigger: 0
  m_Enabled: 1
  serializedVersion: 2
  m_Size: {x: 0.7893505, y: 0.9398141, z: 1.2911162}
  m_Center: {x: -0.047875404, y: -0.38847345, z: -0.036129802}
--- !u!1 &6574872103507253689
GameObject:
  m_ObjectHideFlags: 0
  m_CorrespondingSourceObject: {fileID: 0}
  m_PrefabInstance: {fileID: 0}
  m_PrefabAsset: {fileID: 0}
  serializedVersion: 6
  m_Component:
  - component: {fileID: 6574872103507253688}
  - component: {fileID: 6574872103507253691}
  m_Layer: 11
  m_Name: GameObject (8)
  m_TagString: Untagged
  m_Icon: {fileID: 0}
  m_NavMeshLayer: 0
  m_StaticEditorFlags: 0
  m_IsActive: 1
--- !u!4 &6574872103507253688
Transform:
  m_ObjectHideFlags: 0
  m_CorrespondingSourceObject: {fileID: 0}
  m_PrefabInstance: {fileID: 0}
  m_PrefabAsset: {fileID: 0}
  m_GameObject: {fileID: 6574872103507253689}
  m_LocalRotation: {x: -0, y: 0.68208474, z: -0, w: 0.73127323}
  m_LocalPosition: {x: 3.0170002, y: 1.402, z: -0.15800095}
  m_LocalScale: {x: 1, y: 1, z: 1}
  m_Children: []
  m_Father: {fileID: 6574872103774258218}
  m_RootOrder: 7
  m_LocalEulerAnglesHint: {x: 0, y: 86.01401, z: 0}
--- !u!65 &6574872103507253691
BoxCollider:
  m_ObjectHideFlags: 0
  m_CorrespondingSourceObject: {fileID: 0}
  m_PrefabInstance: {fileID: 0}
  m_PrefabAsset: {fileID: 0}
  m_GameObject: {fileID: 6574872103507253689}
  m_Material: {fileID: 0}
  m_IsTrigger: 0
  m_Enabled: 1
  serializedVersion: 2
  m_Size: {x: 1.3694142, y: 0.9398141, z: 1.174015}
  m_Center: {x: -0.4013141, y: -0.38847232, z: -0.07596931}
--- !u!1 &6574872103596300711
GameObject:
  m_ObjectHideFlags: 0
  m_CorrespondingSourceObject: {fileID: 0}
  m_PrefabInstance: {fileID: 0}
  m_PrefabAsset: {fileID: 0}
  serializedVersion: 6
  m_Component:
  - component: {fileID: 6574872103596300710}
  - component: {fileID: 6574872103596300705}
  m_Layer: 11
  m_Name: GameObject (14)
  m_TagString: Untagged
  m_Icon: {fileID: 0}
  m_NavMeshLayer: 0
  m_StaticEditorFlags: 0
  m_IsActive: 1
--- !u!4 &6574872103596300710
Transform:
  m_ObjectHideFlags: 0
  m_CorrespondingSourceObject: {fileID: 0}
  m_PrefabInstance: {fileID: 0}
  m_PrefabAsset: {fileID: 0}
  m_GameObject: {fileID: 6574872103596300711}
  m_LocalRotation: {x: 1.6695025e-10, y: 0.097343214, z: -0.0000000021427429, w: 0.9952509}
  m_LocalPosition: {x: 0.6930008, y: 1.402, z: 2.605999}
  m_LocalScale: {x: 1, y: 1, z: 1}
  m_Children: []
  m_Father: {fileID: 6574872103774258218}
  m_RootOrder: 1
  m_LocalEulerAnglesHint: {x: 0, y: 11.172001, z: 0}
--- !u!65 &6574872103596300705
BoxCollider:
  m_ObjectHideFlags: 0
  m_CorrespondingSourceObject: {fileID: 0}
  m_PrefabInstance: {fileID: 0}
  m_PrefabAsset: {fileID: 0}
  m_GameObject: {fileID: 6574872103596300711}
  m_Material: {fileID: 0}
  m_IsTrigger: 0
  m_Enabled: 1
  serializedVersion: 2
  m_Size: {x: 0.7254828, y: 0.9398141, z: 1.232212}
  m_Center: {x: -0.10457941, y: -0.38847345, z: -0.0655821}
--- !u!1 &6574872103647844351
GameObject:
  m_ObjectHideFlags: 0
  m_CorrespondingSourceObject: {fileID: 0}
  m_PrefabInstance: {fileID: 0}
  m_PrefabAsset: {fileID: 0}
  serializedVersion: 6
  m_Component:
  - component: {fileID: 6574872103647844350}
  - component: {fileID: 6574872103647844345}
  m_Layer: 11
  m_Name: GameObject (5)
  m_TagString: Untagged
  m_Icon: {fileID: 0}
  m_NavMeshLayer: 0
  m_StaticEditorFlags: 0
  m_IsActive: 1
--- !u!4 &6574872103647844350
Transform:
  m_ObjectHideFlags: 0
  m_CorrespondingSourceObject: {fileID: 0}
  m_PrefabInstance: {fileID: 0}
  m_PrefabAsset: {fileID: 0}
  m_GameObject: {fileID: 6574872103647844351}
  m_LocalRotation: {x: -0, y: -0.4734354, z: -0, w: 0.8808286}
  m_LocalPosition: {x: -2.6949997, y: 1.402, z: 1.3829994}
  m_LocalScale: {x: 1, y: 1, z: 1}
  m_Children: []
  m_Father: {fileID: 6574872103774258218}
  m_RootOrder: 10
  m_LocalEulerAnglesHint: {x: 0, y: -56.515003, z: 0}
--- !u!65 &6574872103647844345
BoxCollider:
  m_ObjectHideFlags: 0
  m_CorrespondingSourceObject: {fileID: 0}
  m_PrefabInstance: {fileID: 0}
  m_PrefabAsset: {fileID: 0}
  m_GameObject: {fileID: 6574872103647844351}
  m_Material: {fileID: 0}
  m_IsTrigger: 0
  m_Enabled: 1
  serializedVersion: 2
  m_Size: {x: 0.7893505, y: 0.9398141, z: 1.2911162}
  m_Center: {x: -0.047875404, y: -0.38847345, z: -0.036129802}
--- !u!1 &6574872103660767427
GameObject:
  m_ObjectHideFlags: 0
  m_CorrespondingSourceObject: {fileID: 0}
  m_PrefabInstance: {fileID: 0}
  m_PrefabAsset: {fileID: 0}
  serializedVersion: 6
  m_Component:
  - component: {fileID: 6574872103660767426}
  - component: {fileID: 6574872103660767453}
  m_Layer: 11
  m_Name: GameObject (15)
  m_TagString: Untagged
  m_Icon: {fileID: 0}
  m_NavMeshLayer: 0
  m_StaticEditorFlags: 0
  m_IsActive: 1
--- !u!4 &6574872103660767426
Transform:
  m_ObjectHideFlags: 0
  m_CorrespondingSourceObject: {fileID: 0}
  m_PrefabInstance: {fileID: 0}
  m_PrefabAsset: {fileID: 0}
  m_GameObject: {fileID: 6574872103660767427}
  m_LocalRotation: {x: -0, y: 0.70635366, z: -0, w: 0.70785916}
  m_LocalPosition: {x: 3.0370007, y: 1.402, z: -0.22399902}
  m_LocalScale: {x: 1, y: 1, z: 1}
  m_Children: []
  m_Father: {fileID: 6574872103774258218}
  m_RootOrder: 0
  m_LocalEulerAnglesHint: {x: 0, y: 89.878006, z: 0}
--- !u!65 &6574872103660767453
BoxCollider:
  m_ObjectHideFlags: 0
  m_CorrespondingSourceObject: {fileID: 0}
  m_PrefabInstance: {fileID: 0}
  m_PrefabAsset: {fileID: 0}
  m_GameObject: {fileID: 6574872103660767427}
  m_Material: {fileID: 0}
  m_IsTrigger: 0
  m_Enabled: 1
  serializedVersion: 2
  m_Size: {x: 1.455393, y: 0.9398141, z: 1.174015}
  m_Center: {x: 0.9084764, y: -0.38847232, z: -0.07596928}
--- !u!1 &6574872103756046220
GameObject:
  m_ObjectHideFlags: 0
  m_CorrespondingSourceObject: {fileID: 0}
  m_PrefabInstance: {fileID: 0}
  m_PrefabAsset: {fileID: 0}
  serializedVersion: 6
  m_Component:
  - component: {fileID: 6574872103756046223}
  - component: {fileID: 6574872103756046222}
  m_Layer: 11
  m_Name: GameObject (1)
  m_TagString: Untagged
  m_Icon: {fileID: 0}
  m_NavMeshLayer: 0
  m_StaticEditorFlags: 0
  m_IsActive: 1
--- !u!4 &6574872103756046223
Transform:
  m_ObjectHideFlags: 0
  m_CorrespondingSourceObject: {fileID: 0}
  m_PrefabInstance: {fileID: 0}
  m_PrefabAsset: {fileID: 0}
  m_GameObject: {fileID: 6574872103756046220}
  m_LocalRotation: {x: -0, y: -0.08862667, z: -0, w: 0.9960649}
  m_LocalPosition: {x: -0.6709995, y: 1.402, z: 2.5730019}
  m_LocalScale: {x: 1, y: 1, z: 1}
  m_Children: []
  m_Father: {fileID: 6574872103774258218}
  m_RootOrder: 14
  m_LocalEulerAnglesHint: {x: 0, y: -10.169001, z: 0}
--- !u!65 &6574872103756046222
BoxCollider:
  m_ObjectHideFlags: 0
  m_CorrespondingSourceObject: {fileID: 0}
  m_PrefabInstance: {fileID: 0}
  m_PrefabAsset: {fileID: 0}
  m_GameObject: {fileID: 6574872103756046220}
  m_Material: {fileID: 0}
  m_IsTrigger: 0
  m_Enabled: 1
  serializedVersion: 2
  m_Size: {x: 0.7893505, y: 0.9398141, z: 1.2325363}
  m_Center: {x: -0.047875404, y: -0.38847232, z: -0.006839752}
--- !u!1 &6574872103774258219
GameObject:
  m_ObjectHideFlags: 0
  m_CorrespondingSourceObject: {fileID: 0}
  m_PrefabInstance: {fileID: 0}
  m_PrefabAsset: {fileID: 0}
  serializedVersion: 6
  m_Component:
  - component: {fileID: 6574872103774258218}
  m_Layer: 11
  m_Name: Player Colliders
  m_TagString: Untagged
  m_Icon: {fileID: 0}
  m_NavMeshLayer: 0
  m_StaticEditorFlags: 0
  m_IsActive: 1
--- !u!4 &6574872103774258218
Transform:
  m_ObjectHideFlags: 0
  m_CorrespondingSourceObject: {fileID: 0}
  m_PrefabInstance: {fileID: 0}
  m_PrefabAsset: {fileID: 0}
  m_GameObject: {fileID: 6574872103774258219}
  m_LocalRotation: {x: 0, y: 0, z: 0, w: 1}
  m_LocalPosition: {x: 0, y: 0.334, z: 0}
  m_LocalScale: {x: 1, y: 2.05, z: 1}
  m_Children:
  - {fileID: 6574872103660767426}
  - {fileID: 6574872103596300710}
  - {fileID: 6574872103271752213}
  - {fileID: 6574872103854426108}
  - {fileID: 6574872102613344890}
  - {fileID: 6574872102854676633}
  - {fileID: 6574872103355098083}
  - {fileID: 6574872103507253688}
  - {fileID: 6574872104121024302}
  - {fileID: 6574872104333687470}
  - {fileID: 6574872103647844350}
  - {fileID: 6574872103406111919}
  - {fileID: 6574872103778903849}
  - {fileID: 6574872103041252944}
  - {fileID: 6574872103756046223}
  - {fileID: 6574872102771712396}
  m_Father: {fileID: 0}
  m_RootOrder: 0
  m_LocalEulerAnglesHint: {x: 0, y: 0, z: 0}
--- !u!1 &6574872103778903854
GameObject:
  m_ObjectHideFlags: 0
  m_CorrespondingSourceObject: {fileID: 0}
  m_PrefabInstance: {fileID: 0}
  m_PrefabAsset: {fileID: 0}
  serializedVersion: 6
  m_Component:
  - component: {fileID: 6574872103778903849}
  - component: {fileID: 6574872103778903848}
  m_Layer: 11
  m_Name: GameObject (3)
  m_TagString: Untagged
  m_Icon: {fileID: 0}
  m_NavMeshLayer: 0
  m_StaticEditorFlags: 0
  m_IsActive: 1
--- !u!4 &6574872103778903849
Transform:
  m_ObjectHideFlags: 0
  m_CorrespondingSourceObject: {fileID: 0}
  m_PrefabInstance: {fileID: 0}
  m_PrefabAsset: {fileID: 0}
  m_GameObject: {fileID: 6574872103778903854}
  m_LocalRotation: {x: -0, y: -0.25885162, z: -0, w: 0.9659171}
  m_LocalPosition: {x: -1.8545609, y: 1.402, z: 2.157219}
  m_LocalScale: {x: 1, y: 1, z: 1}
  m_Children: []
  m_Father: {fileID: 6574872103774258218}
  m_RootOrder: 12
  m_LocalEulerAnglesHint: {x: 0, y: -30.004002, z: 0}
--- !u!65 &6574872103778903848
BoxCollider:
  m_ObjectHideFlags: 0
  m_CorrespondingSourceObject: {fileID: 0}
  m_PrefabInstance: {fileID: 0}
  m_PrefabAsset: {fileID: 0}
  m_GameObject: {fileID: 6574872103778903854}
  m_Material: {fileID: 0}
  m_IsTrigger: 0
  m_Enabled: 1
  serializedVersion: 2
  m_Size: {x: 0.7893505, y: 0.9398141, z: 1.2755861}
  m_Center: {x: -0.0478754, y: -0.38847345, z: -0.028364806}
--- !u!1 &6574872103854426109
GameObject:
  m_ObjectHideFlags: 0
  m_CorrespondingSourceObject: {fileID: 0}
  m_PrefabInstance: {fileID: 0}
  m_PrefabAsset: {fileID: 0}
  serializedVersion: 6
  m_Component:
  - component: {fileID: 6574872103854426108}
  - component: {fileID: 6574872103854426111}
  m_Layer: 11
  m_Name: GameObject (12)
  m_TagString: Untagged
  m_Icon: {fileID: 0}
  m_NavMeshLayer: 0
  m_StaticEditorFlags: 0
  m_IsActive: 1
--- !u!4 &6574872103854426108
Transform:
  m_ObjectHideFlags: 0
  m_CorrespondingSourceObject: {fileID: 0}
  m_PrefabInstance: {fileID: 0}
  m_PrefabAsset: {fileID: 0}
  m_GameObject: {fileID: 6574872103854426109}
  m_LocalRotation: {x: 6.0408284e-10, y: 0.26372084, z: -0.0000000020625963, w: 0.9645991}
  m_LocalPosition: {x: 1.7859993, y: 1.402, z: 2.1539993}
  m_LocalScale: {x: 1, y: 1, z: 1}
  m_Children: []
  m_Father: {fileID: 6574872103774258218}
  m_RootOrder: 3
  m_LocalEulerAnglesHint: {x: 0, y: 30.582, z: 0}
--- !u!65 &6574872103854426111
BoxCollider:
  m_ObjectHideFlags: 0
  m_CorrespondingSourceObject: {fileID: 0}
  m_PrefabInstance: {fileID: 0}
  m_PrefabAsset: {fileID: 0}
  m_GameObject: {fileID: 6574872103854426109}
  m_Material: {fileID: 0}
  m_IsTrigger: 0
  m_Enabled: 1
  serializedVersion: 2
  m_Size: {x: 0.7893505, y: 0.9398141, z: 1.2647585}
  m_Center: {x: -0.0478754, y: -0.3884738, z: -0.057080213}
--- !u!1 &6574872104121024303
GameObject:
  m_ObjectHideFlags: 0
  m_CorrespondingSourceObject: {fileID: 0}
  m_PrefabInstance: {fileID: 0}
  m_PrefabAsset: {fileID: 0}
  serializedVersion: 6
  m_Component:
  - component: {fileID: 6574872104121024302}
  - component: {fileID: 6574872104121024297}
  m_Layer: 11
  m_Name: GameObject (7)
  m_TagString: Untagged
  m_Icon: {fileID: 0}
  m_NavMeshLayer: 0
  m_StaticEditorFlags: 0
  m_IsActive: 1
--- !u!4 &6574872104121024302
Transform:
  m_ObjectHideFlags: 0
  m_CorrespondingSourceObject: {fileID: 0}
  m_PrefabInstance: {fileID: 0}
  m_PrefabAsset: {fileID: 0}
  m_GameObject: {fileID: 6574872104121024303}
  m_LocalRotation: {x: -0, y: 0.016412033, z: -0, w: 0.99986535}
  m_LocalPosition: {x: -3.09762, y: 1.402, z: -0.53185654}
  m_LocalScale: {x: 1, y: 1, z: 1}
  m_Children: []
  m_Father: {fileID: 6574872103774258218}
  m_RootOrder: 8
  m_LocalEulerAnglesHint: {x: 0, y: 1.881, z: 0}
--- !u!65 &6574872104121024297
BoxCollider:
  m_ObjectHideFlags: 0
  m_CorrespondingSourceObject: {fileID: 0}
  m_PrefabInstance: {fileID: 0}
  m_PrefabAsset: {fileID: 0}
  m_GameObject: {fileID: 6574872104121024303}
  m_Material: {fileID: 0}
  m_IsTrigger: 0
  m_Enabled: 1
  serializedVersion: 2
  m_Size: {x: 1.1624897, y: 0.9398141, z: 2.8651438}
  m_Center: {x: 0.03947198, y: -0.38847345, z: 0.04057443}
--- !u!1 &6574872104333687471
GameObject:
  m_ObjectHideFlags: 0
  m_CorrespondingSourceObject: {fileID: 0}
  m_PrefabInstance: {fileID: 0}
  m_PrefabAsset: {fileID: 0}
  serializedVersion: 6
  m_Component:
  - component: {fileID: 6574872104333687470}
  - component: {fileID: 6574872104333687465}
  m_Layer: 11
  m_Name: GameObject (6)
  m_TagString: Untagged
  m_Icon: {fileID: 0}
  m_NavMeshLayer: 0
  m_StaticEditorFlags: 0
  m_IsActive: 1
--- !u!4 &6574872104333687470
Transform:
  m_ObjectHideFlags: 0
  m_CorrespondingSourceObject: {fileID: 0}
  m_PrefabInstance: {fileID: 0}
  m_PrefabAsset: {fileID: 0}
  m_GameObject: {fileID: 6574872104333687471}
  m_LocalRotation: {x: -0, y: -0.56193715, z: -0, w: 0.82717997}
  m_LocalPosition: {x: -2.9179993, y: 1.402, z: 0.9710007}
  m_LocalScale: {x: 1, y: 1, z: 1}
  m_Children: []
  m_Father: {fileID: 6574872103774258218}
  m_RootOrder: 9
  m_LocalEulerAnglesHint: {x: 0, y: -68.380005, z: 0}
--- !u!65 &6574872104333687465
BoxCollider:
  m_ObjectHideFlags: 0
  m_CorrespondingSourceObject: {fileID: 0}
  m_PrefabInstance: {fileID: 0}
  m_PrefabAsset: {fileID: 0}
  m_GameObject: {fileID: 6574872104333687471}
  m_Material: {fileID: 0}
  m_IsTrigger: 0
  m_Enabled: 1
  serializedVersion: 2
  m_Size: {x: 0.7893505, y: 0.9398141, z: 1.2911162}
  m_Center: {x: -0.047875404, y: -0.38847345, z: -0.036129802}
