%YAML 1.1
%TAG !u! tag:unity3d.com,2011:
--- !u!29 &1
OcclusionCullingSettings:
  m_ObjectHideFlags: 0
  serializedVersion: 2
  m_OcclusionBakeSettings:
    smallestOccluder: 5
    smallestHole: 0.25
    backfaceThreshold: 100
  m_SceneGUID: 00000000000000000000000000000000
  m_OcclusionCullingData: {fileID: 0}
--- !u!104 &2
RenderSettings:
  m_ObjectHideFlags: 0
  serializedVersion: 9
  m_Fog: 0
  m_FogColor: {r: 0.5, g: 0.5, b: 0.5, a: 1}
  m_FogMode: 3
  m_FogDensity: 0.01
  m_LinearFogStart: 0
  m_LinearFogEnd: 300
  m_AmbientSkyColor: {r: 0.212, g: 0.227, b: 0.259, a: 1}
  m_AmbientEquatorColor: {r: 0.114, g: 0.125, b: 0.133, a: 1}
  m_AmbientGroundColor: {r: 0.047, g: 0.043, b: 0.035, a: 1}
  m_AmbientIntensity: 1
  m_AmbientMode: 0
  m_SubtractiveShadowColor: {r: 0.42, g: 0.478, b: 0.627, a: 1}
  m_SkyboxMaterial: {fileID: 10304, guid: 0000000000000000f000000000000000, type: 0}
  m_HaloStrength: 0.5
  m_FlareStrength: 1
  m_FlareFadeSpeed: 3
  m_HaloTexture: {fileID: 0}
  m_SpotCookie: {fileID: 10001, guid: 0000000000000000e000000000000000, type: 0}
  m_DefaultReflectionMode: 0
  m_DefaultReflectionResolution: 128
  m_ReflectionBounces: 1
  m_ReflectionIntensity: 1
  m_CustomReflection: {fileID: 0}
  m_Sun: {fileID: 0}
  m_IndirectSpecularColor: {r: 0, g: 0, b: 0, a: 1}
  m_UseRadianceAmbientProbe: 0
--- !u!157 &3
LightmapSettings:
  m_ObjectHideFlags: 0
  serializedVersion: 11
  m_GIWorkflowMode: 1
  m_GISettings:
    serializedVersion: 2
    m_BounceScale: 1
    m_IndirectOutputScale: 1
    m_AlbedoBoost: 1
    m_EnvironmentLightingMode: 0
    m_EnableBakedLightmaps: 1
    m_EnableRealtimeLightmaps: 0
  m_LightmapEditorSettings:
    serializedVersion: 12
    m_Resolution: 2
    m_BakeResolution: 40
    m_AtlasSize: 1024
    m_AO: 0
    m_AOMaxDistance: 1
    m_CompAOExponent: 1
    m_CompAOExponentDirect: 0
    m_ExtractAmbientOcclusion: 0
    m_Padding: 2
    m_LightmapParameters: {fileID: 0}
    m_LightmapsBakeMode: 1
    m_TextureCompression: 1
    m_FinalGather: 0
    m_FinalGatherFiltering: 1
    m_FinalGatherRayCount: 256
    m_ReflectionCompression: 2
    m_MixedBakeMode: 2
    m_BakeBackend: 1
    m_PVRSampling: 1
    m_PVRDirectSampleCount: 32
    m_PVRSampleCount: 512
    m_PVRBounces: 2
    m_PVREnvironmentSampleCount: 256
    m_PVREnvironmentReferencePointCount: 2048
    m_PVRFilteringMode: 1
    m_PVRDenoiserTypeDirect: 1
    m_PVRDenoiserTypeIndirect: 1
    m_PVRDenoiserTypeAO: 1
    m_PVRFilterTypeDirect: 0
    m_PVRFilterTypeIndirect: 0
    m_PVRFilterTypeAO: 0
    m_PVREnvironmentMIS: 1
    m_PVRCulling: 1
    m_PVRFilteringGaussRadiusDirect: 1
    m_PVRFilteringGaussRadiusIndirect: 5
    m_PVRFilteringGaussRadiusAO: 2
    m_PVRFilteringAtrousPositionSigmaDirect: 0.5
    m_PVRFilteringAtrousPositionSigmaIndirect: 2
    m_PVRFilteringAtrousPositionSigmaAO: 1
    m_ExportTrainingData: 0
    m_TrainingDataDestination: TrainingData
    m_LightProbeSampleCountMultiplier: 4
  m_LightingDataAsset: {fileID: 0}
  m_UseShadowmask: 1
--- !u!196 &4
NavMeshSettings:
  serializedVersion: 2
  m_ObjectHideFlags: 0
  m_BuildSettings:
    serializedVersion: 2
    agentTypeID: 0
    agentRadius: 0.5
    agentHeight: 2
    agentSlope: 45
    agentClimb: 0.4
    ledgeDropHeight: 0
    maxJumpAcrossDistance: 0
    minRegionArea: 2
    manualCellSize: 0
    cellSize: 0.16666667
    manualTileSize: 0
    tileSize: 256
    accuratePlacement: 0
    debug:
      m_Flags: 0
  m_NavMeshData: {fileID: 0}
--- !u!1 &31798
GameObject:
  m_ObjectHideFlags: 0
  m_CorrespondingSourceObject: {fileID: 0}
  m_PrefabInstance: {fileID: 0}
  m_PrefabAsset: {fileID: 0}
  serializedVersion: 6
  m_Component:
  - component: {fileID: 31800}
  - component: {fileID: 31799}
  m_Layer: 0
  m_Name: GameManager
  m_TagString: Untagged
  m_Icon: {fileID: 0}
  m_NavMeshLayer: 0
  m_StaticEditorFlags: 0
  m_IsActive: 1
--- !u!114 &31799
MonoBehaviour:
  m_ObjectHideFlags: 0
  m_CorrespondingSourceObject: {fileID: 0}
  m_PrefabInstance: {fileID: 0}
  m_PrefabAsset: {fileID: 0}
  m_GameObject: {fileID: 31798}
  m_Enabled: 1
  m_EditorHideFlags: 0
  m_Script: {fileID: 11500000, guid: 267c4c667b78e1d45a5686a54dd02254, type: 3}
  m_Name: 
  m_EditorClassIdentifier: 
  onScoreChange:
    m_PersistentCalls:
      m_Calls: []
  onDeductLives:
    m_PersistentCalls:
      m_Calls: []
  onRestoreLives:
    m_PersistentCalls:
      m_Calls: []
  onTimerChange:
    m_PersistentCalls:
      m_Calls: []
  onSuccess:
    m_PersistentCalls:
      m_Calls: []
  onFailure:
    m_PersistentCalls:
      m_Calls: []
  gameDuration: 300
--- !u!4 &31800
Transform:
  m_ObjectHideFlags: 0
  m_CorrespondingSourceObject: {fileID: 0}
  m_PrefabInstance: {fileID: 0}
  m_PrefabAsset: {fileID: 0}
  m_GameObject: {fileID: 31798}
  m_LocalRotation: {x: 0, y: 0, z: 0, w: 1}
  m_LocalPosition: {x: -1.8998798, y: 1.4166658, z: -4.416197}
  m_LocalScale: {x: 1, y: 1, z: 1}
  m_Children: []
  m_Father: {fileID: 0}
  m_RootOrder: 5
  m_LocalEulerAnglesHint: {x: 0, y: 0, z: 0}
--- !u!21 &104328446
Material:
  serializedVersion: 6
  m_ObjectHideFlags: 0
  m_CorrespondingSourceObject: {fileID: 0}
  m_PrefabInstance: {fileID: 0}
  m_PrefabAsset: {fileID: 0}
  m_Name: Custom/ClippingPlane (Instance)
  m_Shader: {fileID: 4800000, guid: 9eb17cd43c0aeb64299f59ca51d97ed3, type: 3}
  m_ShaderKeywords: 
  m_LightmapFlags: 4
  m_EnableInstancingVariants: 0
  m_DoubleSidedGI: 0
  m_CustomRenderQueue: -1
  stringTagMap: {}
  disabledShaderPasses: []
  m_SavedProperties:
    serializedVersion: 3
    m_TexEnvs:
    - _MainTex:
        m_Texture: {fileID: 0}
        m_Scale: {x: 1, y: 1}
        m_Offset: {x: 0, y: 0}
    m_Floats:
    - _Metallic: 0
    - _Smoothness: 0
    m_Colors:
    - _Color: {r: 0, g: 0, b: 0, a: 1}
    - _CutoffColor: {r: 1, g: 0, b: 0, a: 0}
    - _Emission: {r: 0, g: 0, b: 0, a: 1}
--- !u!1001 &399999978
PrefabInstance:
  m_ObjectHideFlags: 0
  serializedVersion: 2
  m_Modification:
    m_TransformParent: {fileID: 958174345}
    m_Modifications:
    - target: {fileID: 7289301837995239909, guid: 2223c2f2cab4b0c9499d392ccc120c67,
        type: 3}
      propertyPath: drinkDeliveryArea
      value: 
      objectReference: {fileID: 1480493862}
    - target: {fileID: 8418004499316102030, guid: 2223c2f2cab4b0c9499d392ccc120c67,
        type: 3}
      propertyPath: m_LocalPosition.x
      value: -2.4215345
      objectReference: {fileID: 0}
    - target: {fileID: 8418004499316102030, guid: 2223c2f2cab4b0c9499d392ccc120c67,
        type: 3}
      propertyPath: m_LocalPosition.y
      value: -1.7419707
      objectReference: {fileID: 0}
    - target: {fileID: 8418004499316102030, guid: 2223c2f2cab4b0c9499d392ccc120c67,
        type: 3}
      propertyPath: m_LocalPosition.z
      value: -2.9521525
      objectReference: {fileID: 0}
    - target: {fileID: 8418004499316102030, guid: 2223c2f2cab4b0c9499d392ccc120c67,
        type: 3}
      propertyPath: m_LocalRotation.x
      value: -0
      objectReference: {fileID: 0}
    - target: {fileID: 8418004499316102030, guid: 2223c2f2cab4b0c9499d392ccc120c67,
        type: 3}
      propertyPath: m_LocalRotation.y
      value: -0
      objectReference: {fileID: 0}
    - target: {fileID: 8418004499316102030, guid: 2223c2f2cab4b0c9499d392ccc120c67,
        type: 3}
      propertyPath: m_LocalRotation.z
      value: -0
      objectReference: {fileID: 0}
    - target: {fileID: 8418004499316102030, guid: 2223c2f2cab4b0c9499d392ccc120c67,
        type: 3}
      propertyPath: m_LocalRotation.w
      value: 1
      objectReference: {fileID: 0}
    - target: {fileID: 8418004499316102030, guid: 2223c2f2cab4b0c9499d392ccc120c67,
        type: 3}
      propertyPath: m_RootOrder
      value: 1
      objectReference: {fileID: 0}
    - target: {fileID: 8418004499316102030, guid: 2223c2f2cab4b0c9499d392ccc120c67,
        type: 3}
      propertyPath: m_LocalEulerAnglesHint.x
      value: 0
      objectReference: {fileID: 0}
    - target: {fileID: 8418004499316102030, guid: 2223c2f2cab4b0c9499d392ccc120c67,
        type: 3}
      propertyPath: m_LocalEulerAnglesHint.y
      value: 0
      objectReference: {fileID: 0}
    - target: {fileID: 8418004499316102030, guid: 2223c2f2cab4b0c9499d392ccc120c67,
        type: 3}
      propertyPath: m_LocalEulerAnglesHint.z
      value: 0
      objectReference: {fileID: 0}
    - target: {fileID: 8753268845325925262, guid: 2223c2f2cab4b0c9499d392ccc120c67,
        type: 3}
      propertyPath: m_Name
      value: ActorSpawner
      objectReference: {fileID: 0}
    m_RemovedComponents: []
  m_SourcePrefab: {fileID: 100100000, guid: 2223c2f2cab4b0c9499d392ccc120c67, type: 3}
--- !u!4 &471085008 stripped
Transform:
  m_CorrespondingSourceObject: {fileID: 185081030031293555, guid: 34e2be6ada89e09c49f01e917a7cca5b,
    type: 3}
  m_PrefabInstance: {fileID: 1807852521}
  m_PrefabAsset: {fileID: 0}
--- !u!1001 &584110925
PrefabInstance:
  m_ObjectHideFlags: 0
  serializedVersion: 2
  m_Modification:
    m_TransformParent: {fileID: 991968698}
    m_Modifications:
    - target: {fileID: 185081030031293555, guid: 34e2be6ada89e09c49f01e917a7cca5b,
        type: 3}
      propertyPath: m_LocalPosition.x
      value: -2.2265348
      objectReference: {fileID: 0}
    - target: {fileID: 185081030031293555, guid: 34e2be6ada89e09c49f01e917a7cca5b,
        type: 3}
      propertyPath: m_LocalPosition.y
      value: -1.2669706
      objectReference: {fileID: 0}
    - target: {fileID: 185081030031293555, guid: 34e2be6ada89e09c49f01e917a7cca5b,
        type: 3}
      propertyPath: m_LocalPosition.z
      value: -1.1831526
      objectReference: {fileID: 0}
    - target: {fileID: 185081030031293555, guid: 34e2be6ada89e09c49f01e917a7cca5b,
        type: 3}
      propertyPath: m_LocalRotation.x
      value: -0
      objectReference: {fileID: 0}
    - target: {fileID: 185081030031293555, guid: 34e2be6ada89e09c49f01e917a7cca5b,
        type: 3}
      propertyPath: m_LocalRotation.y
      value: -0
      objectReference: {fileID: 0}
    - target: {fileID: 185081030031293555, guid: 34e2be6ada89e09c49f01e917a7cca5b,
        type: 3}
      propertyPath: m_LocalRotation.z
      value: -0
      objectReference: {fileID: 0}
    - target: {fileID: 185081030031293555, guid: 34e2be6ada89e09c49f01e917a7cca5b,
        type: 3}
      propertyPath: m_LocalRotation.w
      value: 1
      objectReference: {fileID: 0}
    - target: {fileID: 185081030031293555, guid: 34e2be6ada89e09c49f01e917a7cca5b,
        type: 3}
      propertyPath: m_RootOrder
      value: 0
      objectReference: {fileID: 0}
    - target: {fileID: 185081030031293555, guid: 34e2be6ada89e09c49f01e917a7cca5b,
        type: 3}
      propertyPath: m_LocalEulerAnglesHint.x
      value: 0
      objectReference: {fileID: 0}
    - target: {fileID: 185081030031293555, guid: 34e2be6ada89e09c49f01e917a7cca5b,
        type: 3}
      propertyPath: m_LocalEulerAnglesHint.y
      value: 0
      objectReference: {fileID: 0}
    - target: {fileID: 185081030031293555, guid: 34e2be6ada89e09c49f01e917a7cca5b,
        type: 3}
      propertyPath: m_LocalEulerAnglesHint.z
      value: 0
      objectReference: {fileID: 0}
    - target: {fileID: 416443055479566306, guid: 34e2be6ada89e09c49f01e917a7cca5b,
        type: 3}
      propertyPath: m_Materials.Array.data[0]
      value: 
      objectReference: {fileID: 2100000, guid: 2f2090691b0713c4e9002a885306f309, type: 2}
    - target: {fileID: 4665251801308917665, guid: 34e2be6ada89e09c49f01e917a7cca5b,
        type: 3}
      propertyPath: m_Name
      value: DrinkDeliveryArea
      objectReference: {fileID: 0}
    m_RemovedComponents: []
  m_SourcePrefab: {fileID: 100100000, guid: 34e2be6ada89e09c49f01e917a7cca5b, type: 3}
--- !u!4 &593604546 stripped
Transform:
  m_CorrespondingSourceObject: {fileID: 8593301096590511149, guid: 2ed7f7462a25da5b7a92b87d52386ec0,
    type: 3}
  m_PrefabInstance: {fileID: 1611448577}
  m_PrefabAsset: {fileID: 0}
--- !u!1001 &662527250
PrefabInstance:
  m_ObjectHideFlags: 0
  serializedVersion: 2
  m_Modification:
    m_TransformParent: {fileID: 991968698}
    m_Modifications:
    - target: {fileID: 7289301837995239909, guid: 2223c2f2cab4b0c9499d392ccc120c67,
        type: 3}
      propertyPath: drinkDeliveryArea
      value: 
      objectReference: {fileID: 975509045}
    - target: {fileID: 8418004499316102030, guid: 2223c2f2cab4b0c9499d392ccc120c67,
        type: 3}
      propertyPath: m_LocalPosition.x
      value: -2.4215345
      objectReference: {fileID: 0}
    - target: {fileID: 8418004499316102030, guid: 2223c2f2cab4b0c9499d392ccc120c67,
        type: 3}
      propertyPath: m_LocalPosition.y
      value: -1.7419707
      objectReference: {fileID: 0}
    - target: {fileID: 8418004499316102030, guid: 2223c2f2cab4b0c9499d392ccc120c67,
        type: 3}
      propertyPath: m_LocalPosition.z
      value: -2.9521525
      objectReference: {fileID: 0}
    - target: {fileID: 8418004499316102030, guid: 2223c2f2cab4b0c9499d392ccc120c67,
        type: 3}
      propertyPath: m_LocalRotation.x
      value: -0
      objectReference: {fileID: 0}
    - target: {fileID: 8418004499316102030, guid: 2223c2f2cab4b0c9499d392ccc120c67,
        type: 3}
      propertyPath: m_LocalRotation.y
      value: -0
      objectReference: {fileID: 0}
    - target: {fileID: 8418004499316102030, guid: 2223c2f2cab4b0c9499d392ccc120c67,
        type: 3}
      propertyPath: m_LocalRotation.z
      value: -0
      objectReference: {fileID: 0}
    - target: {fileID: 8418004499316102030, guid: 2223c2f2cab4b0c9499d392ccc120c67,
        type: 3}
      propertyPath: m_LocalRotation.w
      value: 1
      objectReference: {fileID: 0}
    - target: {fileID: 8418004499316102030, guid: 2223c2f2cab4b0c9499d392ccc120c67,
        type: 3}
      propertyPath: m_RootOrder
      value: 1
      objectReference: {fileID: 0}
    - target: {fileID: 8418004499316102030, guid: 2223c2f2cab4b0c9499d392ccc120c67,
        type: 3}
      propertyPath: m_LocalEulerAnglesHint.x
      value: 0
      objectReference: {fileID: 0}
    - target: {fileID: 8418004499316102030, guid: 2223c2f2cab4b0c9499d392ccc120c67,
        type: 3}
      propertyPath: m_LocalEulerAnglesHint.y
      value: 0
      objectReference: {fileID: 0}
    - target: {fileID: 8418004499316102030, guid: 2223c2f2cab4b0c9499d392ccc120c67,
        type: 3}
      propertyPath: m_LocalEulerAnglesHint.z
      value: 0
      objectReference: {fileID: 0}
    - target: {fileID: 8753268845325925262, guid: 2223c2f2cab4b0c9499d392ccc120c67,
        type: 3}
      propertyPath: m_Name
      value: ActorSpawner
      objectReference: {fileID: 0}
    m_RemovedComponents: []
  m_SourcePrefab: {fileID: 100100000, guid: 2223c2f2cab4b0c9499d392ccc120c67, type: 3}
--- !u!4 &754830837 stripped
Transform:
  m_CorrespondingSourceObject: {fileID: 250751711721365470, guid: 97d1af8e4547d5874b4dd014f3fc18ae,
    type: 3}
  m_PrefabInstance: {fileID: 1559656598}
  m_PrefabAsset: {fileID: 0}
--- !u!1 &958174344
GameObject:
  m_ObjectHideFlags: 0
  m_CorrespondingSourceObject: {fileID: 0}
  m_PrefabInstance: {fileID: 0}
  m_PrefabAsset: {fileID: 0}
  serializedVersion: 6
  m_Component:
  - component: {fileID: 958174345}
  m_Layer: 0
  m_Name: Table
  m_TagString: Untagged
  m_Icon: {fileID: 0}
  m_NavMeshLayer: 0
  m_StaticEditorFlags: 0
  m_IsActive: 1
--- !u!4 &958174345
Transform:
  m_ObjectHideFlags: 0
  m_CorrespondingSourceObject: {fileID: 0}
  m_PrefabInstance: {fileID: 0}
  m_PrefabAsset: {fileID: 0}
  m_GameObject: {fileID: 958174344}
  m_LocalRotation: {x: 0, y: 0, z: 0, w: 1}
  m_LocalPosition: {x: -5.858465, y: 1.7669706, z: 1.5831525}
  m_LocalScale: {x: 1, y: 1, z: 1}
  m_Children:
  - {fileID: 471085008}
  - {fileID: 1550873938}
  m_Father: {fileID: 0}
  m_RootOrder: 9
  m_LocalEulerAnglesHint: {x: 0, y: 0, z: 0}
--- !u!114 &975509045 stripped
MonoBehaviour:
  m_CorrespondingSourceObject: {fileID: 8515124638002554924, guid: 34e2be6ada89e09c49f01e917a7cca5b,
    type: 3}
  m_PrefabInstance: {fileID: 584110925}
  m_PrefabAsset: {fileID: 0}
  m_GameObject: {fileID: 0}
  m_Enabled: 1
  m_EditorHideFlags: 0
  m_Script: {fileID: 11500000, guid: 9d7ab9f67f04d496dadd6b18c26cc868, type: 3}
  m_Name: 
  m_EditorClassIdentifier: 
--- !u!4 &975509049 stripped
Transform:
  m_CorrespondingSourceObject: {fileID: 185081030031293555, guid: 34e2be6ada89e09c49f01e917a7cca5b,
    type: 3}
  m_PrefabInstance: {fileID: 584110925}
  m_PrefabAsset: {fileID: 0}
--- !u!1 &991968697
GameObject:
  m_ObjectHideFlags: 0
  m_CorrespondingSourceObject: {fileID: 0}
  m_PrefabInstance: {fileID: 0}
  m_PrefabAsset: {fileID: 0}
  serializedVersion: 6
  m_Component:
  - component: {fileID: 991968698}
  m_Layer: 0
  m_Name: Table
  m_TagString: Untagged
  m_Icon: {fileID: 0}
  m_NavMeshLayer: 0
  m_StaticEditorFlags: 0
  m_IsActive: 1
--- !u!4 &991968698
Transform:
  m_ObjectHideFlags: 0
  m_CorrespondingSourceObject: {fileID: 0}
  m_PrefabInstance: {fileID: 0}
  m_PrefabAsset: {fileID: 0}
  m_GameObject: {fileID: 991968697}
  m_LocalRotation: {x: 0, y: 0, z: 0, w: 1}
  m_LocalPosition: {x: 10.81, y: 1.7669706, z: -5.28}
  m_LocalScale: {x: 1, y: 1, z: 1}
  m_Children:
  - {fileID: 975509049}
  - {fileID: 1714591827}
  m_Father: {fileID: 0}
  m_RootOrder: 10
  m_LocalEulerAnglesHint: {x: 0, y: 0, z: 0}
--- !u!114 &1131116796 stripped
MonoBehaviour:
  m_CorrespondingSourceObject: {fileID: 4816941213232667442, guid: 3e6a9902c5a73dc67931b10b8996f2c0,
    type: 3}
  m_PrefabInstance: {fileID: 1257177066}
  m_PrefabAsset: {fileID: 0}
  m_GameObject: {fileID: 0}
  m_Enabled: 1
  m_EditorHideFlags: 0
  m_Script: {fileID: 11500000, guid: 4ed2dd71290d8eea08734e9a30f40e82, type: 3}
  m_Name: 
  m_EditorClassIdentifier: 
--- !u!1001 &1200424222
PrefabInstance:
  m_ObjectHideFlags: 0
  serializedVersion: 2
  m_Modification:
    m_TransformParent: {fileID: 0}
    m_Modifications:
    - target: {fileID: 661890274031410518, guid: 3ad9fc30465e7b87bbf2469d03f59485,
        type: 3}
      propertyPath: m_Name
      value: MixerItemPrefab
      objectReference: {fileID: 0}
    - target: {fileID: 661890274031410607, guid: 3ad9fc30465e7b87bbf2469d03f59485,
        type: 3}
      propertyPath: m_LocalPosition.x
      value: 5.697982
      objectReference: {fileID: 0}
    - target: {fileID: 661890274031410607, guid: 3ad9fc30465e7b87bbf2469d03f59485,
        type: 3}
      propertyPath: m_LocalPosition.y
      value: 0
      objectReference: {fileID: 0}
    - target: {fileID: 661890274031410607, guid: 3ad9fc30465e7b87bbf2469d03f59485,
        type: 3}
      propertyPath: m_LocalPosition.z
      value: -3.927578
      objectReference: {fileID: 0}
    - target: {fileID: 661890274031410607, guid: 3ad9fc30465e7b87bbf2469d03f59485,
        type: 3}
      propertyPath: m_LocalRotation.x
      value: 0
      objectReference: {fileID: 0}
    - target: {fileID: 661890274031410607, guid: 3ad9fc30465e7b87bbf2469d03f59485,
        type: 3}
      propertyPath: m_LocalRotation.y
      value: 0
      objectReference: {fileID: 0}
    - target: {fileID: 661890274031410607, guid: 3ad9fc30465e7b87bbf2469d03f59485,
        type: 3}
      propertyPath: m_LocalRotation.z
      value: 0
      objectReference: {fileID: 0}
    - target: {fileID: 661890274031410607, guid: 3ad9fc30465e7b87bbf2469d03f59485,
        type: 3}
      propertyPath: m_LocalRotation.w
      value: 1
      objectReference: {fileID: 0}
    - target: {fileID: 661890274031410607, guid: 3ad9fc30465e7b87bbf2469d03f59485,
        type: 3}
      propertyPath: m_RootOrder
      value: 3
      objectReference: {fileID: 0}
    - target: {fileID: 661890274031410607, guid: 3ad9fc30465e7b87bbf2469d03f59485,
        type: 3}
      propertyPath: m_LocalEulerAnglesHint.x
      value: 0
      objectReference: {fileID: 0}
    - target: {fileID: 661890274031410607, guid: 3ad9fc30465e7b87bbf2469d03f59485,
        type: 3}
      propertyPath: m_LocalEulerAnglesHint.y
      value: 0
      objectReference: {fileID: 0}
    - target: {fileID: 661890274031410607, guid: 3ad9fc30465e7b87bbf2469d03f59485,
        type: 3}
      propertyPath: m_LocalEulerAnglesHint.z
      value: 0
      objectReference: {fileID: 0}
    - target: {fileID: 3581438057624711563, guid: 3ad9fc30465e7b87bbf2469d03f59485,
        type: 3}
      propertyPath: item
      value: 
      objectReference: {fileID: 11400000, guid: 020bb9fc092e685b7834484232af50ee,
        type: 2}
    - target: {fileID: 3581438057624711563, guid: 3ad9fc30465e7b87bbf2469d03f59485,
        type: 3}
      propertyPath: model
      value: 
      objectReference: {fileID: 2024306754}
    m_RemovedComponents: []
  m_SourcePrefab: {fileID: 100100000, guid: 3ad9fc30465e7b87bbf2469d03f59485, type: 3}
--- !u!1001 &1230595067
PrefabInstance:
  m_ObjectHideFlags: 0
  serializedVersion: 2
  m_Modification:
    m_TransformParent: {fileID: 754830837}
    m_Modifications:
    - target: {fileID: 682533717938439242, guid: 41c5d947b13340349985c325f85edcbc,
        type: 3}
      propertyPath: m_Name
      value: Model
      objectReference: {fileID: 0}
    - target: {fileID: 4470834182569712272, guid: 41c5d947b13340349985c325f85edcbc,
        type: 3}
      propertyPath: m_LocalPosition.x
      value: 0
      objectReference: {fileID: 0}
    - target: {fileID: 4470834182569712272, guid: 41c5d947b13340349985c325f85edcbc,
        type: 3}
      propertyPath: m_LocalPosition.y
      value: 0
      objectReference: {fileID: 0}
    - target: {fileID: 4470834182569712272, guid: 41c5d947b13340349985c325f85edcbc,
        type: 3}
      propertyPath: m_LocalPosition.z
      value: 0
      objectReference: {fileID: 0}
    - target: {fileID: 4470834182569712272, guid: 41c5d947b13340349985c325f85edcbc,
        type: 3}
      propertyPath: m_LocalRotation.x
      value: -0
      objectReference: {fileID: 0}
    - target: {fileID: 4470834182569712272, guid: 41c5d947b13340349985c325f85edcbc,
        type: 3}
      propertyPath: m_LocalRotation.y
      value: -0
      objectReference: {fileID: 0}
    - target: {fileID: 4470834182569712272, guid: 41c5d947b13340349985c325f85edcbc,
        type: 3}
      propertyPath: m_LocalRotation.z
      value: -0
      objectReference: {fileID: 0}
    - target: {fileID: 4470834182569712272, guid: 41c5d947b13340349985c325f85edcbc,
        type: 3}
      propertyPath: m_LocalRotation.w
      value: 1
      objectReference: {fileID: 0}
    - target: {fileID: 4470834182569712272, guid: 41c5d947b13340349985c325f85edcbc,
        type: 3}
      propertyPath: m_RootOrder
      value: 0
      objectReference: {fileID: 0}
    - target: {fileID: 4470834182569712272, guid: 41c5d947b13340349985c325f85edcbc,
        type: 3}
      propertyPath: m_LocalEulerAnglesHint.x
      value: 0
      objectReference: {fileID: 0}
    - target: {fileID: 4470834182569712272, guid: 41c5d947b13340349985c325f85edcbc,
        type: 3}
      propertyPath: m_LocalEulerAnglesHint.y
      value: 0
      objectReference: {fileID: 0}
    - target: {fileID: 4470834182569712272, guid: 41c5d947b13340349985c325f85edcbc,
        type: 3}
      propertyPath: m_LocalEulerAnglesHint.z
      value: 0
      objectReference: {fileID: 0}
    m_RemovedComponents: []
  m_SourcePrefab: {fileID: 100100000, guid: 41c5d947b13340349985c325f85edcbc, type: 3}
--- !u!1001 &1257177066
PrefabInstance:
  m_ObjectHideFlags: 0
  serializedVersion: 2
  m_Modification:
    m_TransformParent: {fileID: 593604546}
    m_Modifications:
    - target: {fileID: 925359805727390950, guid: 3e6a9902c5a73dc67931b10b8996f2c0,
        type: 3}
      propertyPath: m_Name
      value: Model
      objectReference: {fileID: 0}
    - target: {fileID: 4131038813683220539, guid: 3e6a9902c5a73dc67931b10b8996f2c0,
        type: 3}
      propertyPath: m_LocalPosition.x
      value: 0
      objectReference: {fileID: 0}
    - target: {fileID: 4131038813683220539, guid: 3e6a9902c5a73dc67931b10b8996f2c0,
        type: 3}
      propertyPath: m_LocalPosition.y
      value: 0
      objectReference: {fileID: 0}
    - target: {fileID: 4131038813683220539, guid: 3e6a9902c5a73dc67931b10b8996f2c0,
        type: 3}
      propertyPath: m_LocalPosition.z
      value: 0
      objectReference: {fileID: 0}
    - target: {fileID: 4131038813683220539, guid: 3e6a9902c5a73dc67931b10b8996f2c0,
        type: 3}
      propertyPath: m_LocalRotation.x
      value: -0
      objectReference: {fileID: 0}
    - target: {fileID: 4131038813683220539, guid: 3e6a9902c5a73dc67931b10b8996f2c0,
        type: 3}
      propertyPath: m_LocalRotation.y
      value: -0
      objectReference: {fileID: 0}
    - target: {fileID: 4131038813683220539, guid: 3e6a9902c5a73dc67931b10b8996f2c0,
        type: 3}
      propertyPath: m_LocalRotation.z
      value: -0
      objectReference: {fileID: 0}
    - target: {fileID: 4131038813683220539, guid: 3e6a9902c5a73dc67931b10b8996f2c0,
        type: 3}
      propertyPath: m_LocalRotation.w
      value: 1
      objectReference: {fileID: 0}
    - target: {fileID: 4131038813683220539, guid: 3e6a9902c5a73dc67931b10b8996f2c0,
        type: 3}
      propertyPath: m_RootOrder
      value: 0
      objectReference: {fileID: 0}
    - target: {fileID: 4131038813683220539, guid: 3e6a9902c5a73dc67931b10b8996f2c0,
        type: 3}
      propertyPath: m_LocalEulerAnglesHint.x
      value: 0
      objectReference: {fileID: 0}
    - target: {fileID: 4131038813683220539, guid: 3e6a9902c5a73dc67931b10b8996f2c0,
        type: 3}
      propertyPath: m_LocalEulerAnglesHint.y
      value: 0
      objectReference: {fileID: 0}
    - target: {fileID: 4131038813683220539, guid: 3e6a9902c5a73dc67931b10b8996f2c0,
        type: 3}
      propertyPath: m_LocalEulerAnglesHint.z
      value: 0
      objectReference: {fileID: 0}
    - target: {fileID: 6306708214283466074, guid: 3e6a9902c5a73dc67931b10b8996f2c0,
        type: 3}
      propertyPath: m_Materials.Array.data[0]
      value: 
      objectReference: {fileID: 104328446}
    m_RemovedComponents: []
  m_SourcePrefab: {fileID: 100100000, guid: 3e6a9902c5a73dc67931b10b8996f2c0, type: 3}
--- !u!1 &1358058745
GameObject:
  m_ObjectHideFlags: 0
  m_CorrespondingSourceObject: {fileID: 0}
  m_PrefabInstance: {fileID: 0}
  m_PrefabAsset: {fileID: 0}
  serializedVersion: 6
  m_Component:
  - component: {fileID: 1358058749}
  - component: {fileID: 1358058748}
  - component: {fileID: 1358058747}
  - component: {fileID: 1358058746}
  - component: {fileID: 1358058750}
  m_Layer: 0
  m_Name: Cube
  m_TagString: Untagged
  m_Icon: {fileID: 0}
  m_NavMeshLayer: 0
  m_StaticEditorFlags: 0
  m_IsActive: 1
--- !u!65 &1358058746
BoxCollider:
  m_ObjectHideFlags: 0
  m_CorrespondingSourceObject: {fileID: 0}
  m_PrefabInstance: {fileID: 0}
  m_PrefabAsset: {fileID: 0}
  m_GameObject: {fileID: 1358058745}
  m_Material: {fileID: 0}
  m_IsTrigger: 0
  m_Enabled: 1
  serializedVersion: 2
  m_Size: {x: 1, y: 1, z: 1}
  m_Center: {x: 0, y: 0, z: 0}
--- !u!23 &1358058747
MeshRenderer:
  m_ObjectHideFlags: 0
  m_CorrespondingSourceObject: {fileID: 0}
  m_PrefabInstance: {fileID: 0}
  m_PrefabAsset: {fileID: 0}
  m_GameObject: {fileID: 1358058745}
  m_Enabled: 1
  m_CastShadows: 1
  m_ReceiveShadows: 1
  m_DynamicOccludee: 1
  m_MotionVectors: 1
  m_LightProbeUsage: 1
  m_ReflectionProbeUsage: 1
  m_RayTracingMode: 2
  m_RenderingLayerMask: 1
  m_RendererPriority: 0
  m_Materials:
  - {fileID: 2100000, guid: 681abb35b6d3838c096682c0e86547dc, type: 2}
  m_StaticBatchInfo:
    firstSubMesh: 0
    subMeshCount: 0
  m_StaticBatchRoot: {fileID: 0}
  m_ProbeAnchor: {fileID: 0}
  m_LightProbeVolumeOverride: {fileID: 0}
  m_ScaleInLightmap: 1
  m_ReceiveGI: 1
  m_PreserveUVs: 0
  m_IgnoreNormalsForChartDetection: 0
  m_ImportantGI: 0
  m_StitchLightmapSeams: 1
  m_SelectedEditorRenderState: 3
  m_MinimumChartSize: 4
  m_AutoUVMaxDistance: 0.5
  m_AutoUVMaxAngle: 89
  m_LightmapParameters: {fileID: 0}
  m_SortingLayerID: 0
  m_SortingLayer: 0
  m_SortingOrder: 0
--- !u!33 &1358058748
MeshFilter:
  m_ObjectHideFlags: 0
  m_CorrespondingSourceObject: {fileID: 0}
  m_PrefabInstance: {fileID: 0}
  m_PrefabAsset: {fileID: 0}
  m_GameObject: {fileID: 1358058745}
  m_Mesh: {fileID: 10202, guid: 0000000000000000e000000000000000, type: 0}
--- !u!4 &1358058749
Transform:
  m_ObjectHideFlags: 0
  m_CorrespondingSourceObject: {fileID: 0}
  m_PrefabInstance: {fileID: 0}
  m_PrefabAsset: {fileID: 0}
  m_GameObject: {fileID: 1358058745}
  m_LocalRotation: {x: 0, y: 0, z: 0, w: 1}
  m_LocalPosition: {x: 4.21, y: 0.53, z: 2.98}
  m_LocalScale: {x: 1, y: 1, z: 1}
  m_Children: []
  m_Father: {fileID: 0}
  m_RootOrder: 11
  m_LocalEulerAnglesHint: {x: 0, y: 0, z: 0}
--- !u!114 &1358058750
MonoBehaviour:
  m_ObjectHideFlags: 0
  m_CorrespondingSourceObject: {fileID: 0}
  m_PrefabInstance: {fileID: 0}
  m_PrefabAsset: {fileID: 0}
  m_GameObject: {fileID: 1358058745}
  m_Enabled: 1
  m_EditorHideFlags: 0
  m_Script: {fileID: 11500000, guid: e7cb677983628a2ef8e3a5b29d742ad0, type: 3}
  m_Name: 
  m_EditorClassIdentifier: 
  value: 0.5
--- !u!21 &1463315579
Material:
  serializedVersion: 6
  m_ObjectHideFlags: 0
  m_CorrespondingSourceObject: {fileID: 0}
  m_PrefabInstance: {fileID: 0}
  m_PrefabAsset: {fileID: 0}
  m_Name: Liquid
  m_Shader: {fileID: 4800000, guid: 78b75bc6fcae451c8949911b916da8ae, type: 3}
  m_ShaderKeywords: 
  m_LightmapFlags: 4
  m_EnableInstancingVariants: 0
  m_DoubleSidedGI: 0
  m_CustomRenderQueue: -1
  stringTagMap: {}
  disabledShaderPasses: []
  m_SavedProperties:
    serializedVersion: 3
    m_TexEnvs:
    - _BumpMap:
        m_Texture: {fileID: 0}
        m_Scale: {x: 1, y: 1}
        m_Offset: {x: 0, y: 0}
    - _DetailAlbedoMap:
        m_Texture: {fileID: 0}
        m_Scale: {x: 1, y: 1}
        m_Offset: {x: 0, y: 0}
    - _DetailMask:
        m_Texture: {fileID: 0}
        m_Scale: {x: 1, y: 1}
        m_Offset: {x: 0, y: 0}
    - _DetailNormalMap:
        m_Texture: {fileID: 0}
        m_Scale: {x: 1, y: 1}
        m_Offset: {x: 0, y: 0}
    - _EmissionMap:
        m_Texture: {fileID: 0}
        m_Scale: {x: 1, y: 1}
        m_Offset: {x: 0, y: 0}
    - _MainTex:
        m_Texture: {fileID: 0}
        m_Scale: {x: 1, y: 1}
        m_Offset: {x: 0, y: 0}
    - _MetallicGlossMap:
        m_Texture: {fileID: 0}
        m_Scale: {x: 1, y: 1}
        m_Offset: {x: 0, y: 0}
    - _Occlusion:
        m_Texture: {fileID: 0}
        m_Scale: {x: 1, y: 1}
        m_Offset: {x: 0, y: 0}
    - _OcclusionMap:
        m_Texture: {fileID: 0}
        m_Scale: {x: 1, y: 1}
        m_Offset: {x: 0, y: 0}
    - _ParallaxMap:
        m_Texture: {fileID: 0}
        m_Scale: {x: 1, y: 1}
        m_Offset: {x: 0, y: 0}
    - _SpecularMap:
        m_Texture: {fileID: 0}
        m_Scale: {x: 1, y: 1}
        m_Offset: {x: 0, y: 0}
    m_Floats:
    - _BumpScale: 1
    - _Cutoff: 0.5
    - _DetailNormalMapScale: 1
    - _DstBlend: 0
    - _FillAmount: 0
    - _FillValue: 0.05
    - _GlossMapScale: 1
    - _Glossiness: 0.5
    - _GlossyReflections: 1
    - _Metallic: 0
    - _Mode: 0
    - _OcclusionStrength: 1
    - _Parallax: 0.02
    - _Rim: 0
    - _RimPower: 10
    - _Smoothness: 0
    - _SmoothnessTextureChannel: 0
    - _SpecularHighlights: 1
    - _SrcBlend: 1
    - _UVSec: 0
    - _WobbleX: 0
    - _WobbleZ: 0
    - _ZWrite: 1
    - _emissionAlphaColourFade: 0
    - _rimLightExponent: 1
    m_Colors:
    - _Color: {r: 1, g: 1, b: 1, a: 1}
    - _CutoffColor: {r: 1, g: 1, b: 1, a: 1}
    - _Emission: {r: 1, g: 1, b: 1, a: 1}
    - _EmissionColor: {r: 0, g: 0, b: 0, a: 1}
    - _FoamColor: {r: 0.8784314, g: 0.8784314, b: 0.8784314, a: 1}
    - _RimColor: {r: 1, g: 1, b: 1, a: 1}
    - _Tint: {r: 1, g: 1, b: 1, a: 1}
    - _TopColor: {r: 1, g: 1, b: 1, a: 1}
    - _emissionMultiplier: {r: 0, g: 0, b: 0, a: 0}
    - _rimLightColor: {r: 0, g: 0, b: 0, a: 0}
--- !u!114 &1480493862 stripped
MonoBehaviour:
  m_CorrespondingSourceObject: {fileID: 8515124638002554924, guid: 34e2be6ada89e09c49f01e917a7cca5b,
    type: 3}
  m_PrefabInstance: {fileID: 1807852521}
  m_PrefabAsset: {fileID: 0}
  m_GameObject: {fileID: 0}
  m_Enabled: 1
  m_EditorHideFlags: 0
  m_Script: {fileID: 11500000, guid: 9d7ab9f67f04d496dadd6b18c26cc868, type: 3}
  m_Name: 
  m_EditorClassIdentifier: 
--- !u!4 &1550873938 stripped
Transform:
  m_CorrespondingSourceObject: {fileID: 8418004499316102030, guid: 2223c2f2cab4b0c9499d392ccc120c67,
    type: 3}
  m_PrefabInstance: {fileID: 399999978}
  m_PrefabAsset: {fileID: 0}
--- !u!1 &1550914490
GameObject:
  m_ObjectHideFlags: 0
  m_CorrespondingSourceObject: {fileID: 0}
  m_PrefabInstance: {fileID: 0}
  m_PrefabAsset: {fileID: 0}
  serializedVersion: 6
  m_Component:
  - component: {fileID: 1550914494}
  - component: {fileID: 1550914493}
  - component: {fileID: 1550914492}
  - component: {fileID: 1550914491}
  m_Layer: 9
  m_Name: Floor
  m_TagString: Untagged
  m_Icon: {fileID: 0}
  m_NavMeshLayer: 0
  m_StaticEditorFlags: 0
  m_IsActive: 1
--- !u!65 &1550914491
BoxCollider:
  m_ObjectHideFlags: 0
  m_CorrespondingSourceObject: {fileID: 0}
  m_PrefabInstance: {fileID: 0}
  m_PrefabAsset: {fileID: 0}
  m_GameObject: {fileID: 1550914490}
  m_Material: {fileID: 0}
  m_IsTrigger: 0
  m_Enabled: 1
  serializedVersion: 2
  m_Size: {x: 10, y: 1, z: 10}
  m_Center: {x: 0, y: -0.5, z: 0}
--- !u!23 &1550914492
MeshRenderer:
  m_ObjectHideFlags: 0
  m_CorrespondingSourceObject: {fileID: 0}
  m_PrefabInstance: {fileID: 0}
  m_PrefabAsset: {fileID: 0}
  m_GameObject: {fileID: 1550914490}
  m_Enabled: 1
  m_CastShadows: 1
  m_ReceiveShadows: 1
  m_DynamicOccludee: 1
  m_MotionVectors: 1
  m_LightProbeUsage: 1
  m_ReflectionProbeUsage: 1
  m_RayTracingMode: 2
  m_RenderingLayerMask: 1
  m_RendererPriority: 0
  m_Materials:
  - {fileID: 10303, guid: 0000000000000000f000000000000000, type: 0}
  m_StaticBatchInfo:
    firstSubMesh: 0
    subMeshCount: 0
  m_StaticBatchRoot: {fileID: 0}
  m_ProbeAnchor: {fileID: 0}
  m_LightProbeVolumeOverride: {fileID: 0}
  m_ScaleInLightmap: 1
  m_ReceiveGI: 1
  m_PreserveUVs: 0
  m_IgnoreNormalsForChartDetection: 0
  m_ImportantGI: 0
  m_StitchLightmapSeams: 1
  m_SelectedEditorRenderState: 3
  m_MinimumChartSize: 4
  m_AutoUVMaxDistance: 0.5
  m_AutoUVMaxAngle: 89
  m_LightmapParameters: {fileID: 0}
  m_SortingLayerID: 0
  m_SortingLayer: 0
  m_SortingOrder: 0
--- !u!33 &1550914493
MeshFilter:
  m_ObjectHideFlags: 0
  m_CorrespondingSourceObject: {fileID: 0}
  m_PrefabInstance: {fileID: 0}
  m_PrefabAsset: {fileID: 0}
  m_GameObject: {fileID: 1550914490}
  m_Mesh: {fileID: 10209, guid: 0000000000000000e000000000000000, type: 0}
--- !u!4 &1550914494
Transform:
  m_ObjectHideFlags: 0
  m_CorrespondingSourceObject: {fileID: 0}
  m_PrefabInstance: {fileID: 0}
  m_PrefabAsset: {fileID: 0}
  m_GameObject: {fileID: 1550914490}
  m_LocalRotation: {x: 0, y: 0, z: 0, w: 1}
  m_LocalPosition: {x: 0, y: 0, z: 0}
  m_LocalScale: {x: 10, y: 1, z: 10}
  m_Children: []
  m_Father: {fileID: 0}
  m_RootOrder: 8
  m_LocalEulerAnglesHint: {x: 0, y: 0, z: 0}
--- !u!1001 &1559656598
PrefabInstance:
  m_ObjectHideFlags: 0
  serializedVersion: 2
  m_Modification:
    m_TransformParent: {fileID: 0}
    m_Modifications:
    - target: {fileID: -6313511104874540776, guid: 97d1af8e4547d5874b4dd014f3fc18ae,
        type: 3}
      propertyPath: item
      value: 
      objectReference: {fileID: 11400000, guid: 55d890655683b9958bc9707a6427bf25,
        type: 2}
    - target: {fileID: -6313511104874540776, guid: 97d1af8e4547d5874b4dd014f3fc18ae,
        type: 3}
      propertyPath: model
      value: 
      objectReference: {fileID: 1980603141}
    - target: {fileID: 250751711721365287, guid: 97d1af8e4547d5874b4dd014f3fc18ae,
        type: 3}
      propertyPath: m_Name
      value: BottleItemPickup
      objectReference: {fileID: 0}
    - target: {fileID: 250751711721365470, guid: 97d1af8e4547d5874b4dd014f3fc18ae,
        type: 3}
      propertyPath: m_LocalPosition.x
      value: 2.673905
      objectReference: {fileID: 0}
    - target: {fileID: 250751711721365470, guid: 97d1af8e4547d5874b4dd014f3fc18ae,
        type: 3}
      propertyPath: m_LocalPosition.y
      value: 0
      objectReference: {fileID: 0}
    - target: {fileID: 250751711721365470, guid: 97d1af8e4547d5874b4dd014f3fc18ae,
        type: 3}
      propertyPath: m_LocalPosition.z
      value: -3.8076878
      objectReference: {fileID: 0}
    - target: {fileID: 250751711721365470, guid: 97d1af8e4547d5874b4dd014f3fc18ae,
        type: 3}
      propertyPath: m_LocalRotation.x
      value: 0
      objectReference: {fileID: 0}
    - target: {fileID: 250751711721365470, guid: 97d1af8e4547d5874b4dd014f3fc18ae,
        type: 3}
      propertyPath: m_LocalRotation.y
      value: 0
      objectReference: {fileID: 0}
    - target: {fileID: 250751711721365470, guid: 97d1af8e4547d5874b4dd014f3fc18ae,
        type: 3}
      propertyPath: m_LocalRotation.z
      value: 0
      objectReference: {fileID: 0}
    - target: {fileID: 250751711721365470, guid: 97d1af8e4547d5874b4dd014f3fc18ae,
        type: 3}
      propertyPath: m_LocalRotation.w
      value: 1
      objectReference: {fileID: 0}
    - target: {fileID: 250751711721365470, guid: 97d1af8e4547d5874b4dd014f3fc18ae,
        type: 3}
      propertyPath: m_RootOrder
      value: 2
      objectReference: {fileID: 0}
    - target: {fileID: 250751711721365470, guid: 97d1af8e4547d5874b4dd014f3fc18ae,
        type: 3}
      propertyPath: m_LocalEulerAnglesHint.x
      value: 0
      objectReference: {fileID: 0}
    - target: {fileID: 250751711721365470, guid: 97d1af8e4547d5874b4dd014f3fc18ae,
        type: 3}
      propertyPath: m_LocalEulerAnglesHint.y
      value: 0
      objectReference: {fileID: 0}
    - target: {fileID: 250751711721365470, guid: 97d1af8e4547d5874b4dd014f3fc18ae,
        type: 3}
      propertyPath: m_LocalEulerAnglesHint.z
      value: 0
      objectReference: {fileID: 0}
    m_RemovedComponents: []
  m_SourcePrefab: {fileID: 100100000, guid: 97d1af8e4547d5874b4dd014f3fc18ae, type: 3}
--- !u!1001 &1611448577
PrefabInstance:
  m_ObjectHideFlags: 0
  serializedVersion: 2
  m_Modification:
    m_TransformParent: {fileID: 0}
    m_Modifications:
    - target: {fileID: 1974634219696333680, guid: 2ed7f7462a25da5b7a92b87d52386ec0,
        type: 3}
      propertyPath: drinkGlass
      value: 
      objectReference: {fileID: 11400000, guid: 9a62daec9ae4f5272920f9521980142d,
        type: 2}
    - target: {fileID: 1974634219696333680, guid: 2ed7f7462a25da5b7a92b87d52386ec0,
        type: 3}
      propertyPath: model
      value: 
      objectReference: {fileID: 1131116796}
    - target: {fileID: 8593301096590511149, guid: 2ed7f7462a25da5b7a92b87d52386ec0,
        type: 3}
      propertyPath: m_LocalPosition.x
      value: 3.8821788
      objectReference: {fileID: 0}
    - target: {fileID: 8593301096590511149, guid: 2ed7f7462a25da5b7a92b87d52386ec0,
        type: 3}
      propertyPath: m_LocalPosition.y
      value: 0
      objectReference: {fileID: 0}
    - target: {fileID: 8593301096590511149, guid: 2ed7f7462a25da5b7a92b87d52386ec0,
        type: 3}
      propertyPath: m_LocalPosition.z
      value: -5.1640415
      objectReference: {fileID: 0}
    - target: {fileID: 8593301096590511149, guid: 2ed7f7462a25da5b7a92b87d52386ec0,
        type: 3}
      propertyPath: m_LocalRotation.x
      value: 0
      objectReference: {fileID: 0}
    - target: {fileID: 8593301096590511149, guid: 2ed7f7462a25da5b7a92b87d52386ec0,
        type: 3}
      propertyPath: m_LocalRotation.y
      value: 0
      objectReference: {fileID: 0}
    - target: {fileID: 8593301096590511149, guid: 2ed7f7462a25da5b7a92b87d52386ec0,
        type: 3}
      propertyPath: m_LocalRotation.z
      value: 0
      objectReference: {fileID: 0}
    - target: {fileID: 8593301096590511149, guid: 2ed7f7462a25da5b7a92b87d52386ec0,
        type: 3}
      propertyPath: m_LocalRotation.w
      value: 1
      objectReference: {fileID: 0}
    - target: {fileID: 8593301096590511149, guid: 2ed7f7462a25da5b7a92b87d52386ec0,
        type: 3}
      propertyPath: m_RootOrder
      value: 4
      objectReference: {fileID: 0}
    - target: {fileID: 8593301096590511149, guid: 2ed7f7462a25da5b7a92b87d52386ec0,
        type: 3}
      propertyPath: m_LocalEulerAnglesHint.x
      value: 0
      objectReference: {fileID: 0}
    - target: {fileID: 8593301096590511149, guid: 2ed7f7462a25da5b7a92b87d52386ec0,
        type: 3}
      propertyPath: m_LocalEulerAnglesHint.y
      value: 0
      objectReference: {fileID: 0}
    - target: {fileID: 8593301096590511149, guid: 2ed7f7462a25da5b7a92b87d52386ec0,
        type: 3}
      propertyPath: m_LocalEulerAnglesHint.z
      value: 0
      objectReference: {fileID: 0}
    - target: {fileID: 8593301096590511316, guid: 2ed7f7462a25da5b7a92b87d52386ec0,
        type: 3}
      propertyPath: m_Name
      value: DrinkPickup
      objectReference: {fileID: 0}
    - target: {fileID: 8593301096590511316, guid: 2ed7f7462a25da5b7a92b87d52386ec0,
        type: 3}
      propertyPath: m_IsActive
      value: 1
      objectReference: {fileID: 0}
    m_RemovedComponents: []
  m_SourcePrefab: {fileID: 100100000, guid: 2ed7f7462a25da5b7a92b87d52386ec0, type: 3}
--- !u!4 &1616500640 stripped
Transform:
  m_CorrespondingSourceObject: {fileID: 661890274031410607, guid: 3ad9fc30465e7b87bbf2469d03f59485,
    type: 3}
  m_PrefabInstance: {fileID: 1200424222}
  m_PrefabAsset: {fileID: 0}
--- !u!4 &1714591827 stripped
Transform:
  m_CorrespondingSourceObject: {fileID: 8418004499316102030, guid: 2223c2f2cab4b0c9499d392ccc120c67,
    type: 3}
  m_PrefabInstance: {fileID: 662527250}
  m_PrefabAsset: {fileID: 0}
--- !u!1 &1718456055
GameObject:
  m_ObjectHideFlags: 0
  m_CorrespondingSourceObject: {fileID: 0}
  m_PrefabInstance: {fileID: 0}
  m_PrefabAsset: {fileID: 0}
  serializedVersion: 6
  m_Component:
  - component: {fileID: 1718456057}
  - component: {fileID: 1718456056}
  m_Layer: 0
  m_Name: Light
  m_TagString: Untagged
  m_Icon: {fileID: 0}
  m_NavMeshLayer: 0
  m_StaticEditorFlags: 0
  m_IsActive: 1
--- !u!108 &1718456056
Light:
  m_ObjectHideFlags: 0
  m_CorrespondingSourceObject: {fileID: 0}
  m_PrefabInstance: {fileID: 0}
  m_PrefabAsset: {fileID: 0}
  m_GameObject: {fileID: 1718456055}
  m_Enabled: 1
  serializedVersion: 10
  m_Type: 1
  m_Shape: 0
  m_Color: {r: 1, g: 1, b: 1, a: 1}
  m_Intensity: 1
  m_Range: 10
  m_SpotAngle: 30
  m_InnerSpotAngle: 21.80208
  m_CookieSize: 10
  m_Shadows:
    m_Type: 2
    m_Resolution: -1
    m_CustomResolution: -1
    m_Strength: 1
    m_Bias: 0.05
    m_NormalBias: 0.4
    m_NearPlane: 0.2
    m_CullingMatrixOverride:
      e00: 1
      e01: 0
      e02: 0
      e03: 0
      e10: 0
      e11: 1
      e12: 0
      e13: 0
      e20: 0
      e21: 0
      e22: 1
      e23: 0
      e30: 0
      e31: 0
      e32: 0
      e33: 1
    m_UseCullingMatrixOverride: 0
  m_Cookie: {fileID: 0}
  m_DrawHalo: 0
  m_Flare: {fileID: 0}
  m_RenderMode: 0
  m_CullingMask:
    serializedVersion: 2
    m_Bits: 4294967295
  m_RenderingLayerMask: 1
  m_Lightmapping: 4
  m_LightShadowCasterMode: 0
  m_AreaSize: {x: 1, y: 1}
  m_BounceIntensity: 1
  m_ColorTemperature: 6570
  m_UseColorTemperature: 0
  m_BoundingSphereOverride: {x: 0, y: 0, z: 0, w: 0}
  m_UseBoundingSphereOverride: 0
  m_ShadowRadius: 0
  m_ShadowAngle: 0
--- !u!4 &1718456057
Transform:
  m_ObjectHideFlags: 0
  m_CorrespondingSourceObject: {fileID: 0}
  m_PrefabInstance: {fileID: 0}
  m_PrefabAsset: {fileID: 0}
  m_GameObject: {fileID: 1718456055}
  m_LocalRotation: {x: 0.03683366, y: 0.902859, z: -0.42101002, w: 0.07899004}
  m_LocalPosition: {x: 0, y: 11.27, z: 7.82}
  m_LocalScale: {x: 1, y: 1, z: 1}
  m_Children: []
  m_Father: {fileID: 0}
  m_RootOrder: 6
  m_LocalEulerAnglesHint: {x: 50, y: 170, z: 0}
--- !u!1001 &1807852521
PrefabInstance:
  m_ObjectHideFlags: 0
  serializedVersion: 2
  m_Modification:
    m_TransformParent: {fileID: 958174345}
    m_Modifications:
    - target: {fileID: 185081030031293555, guid: 34e2be6ada89e09c49f01e917a7cca5b,
        type: 3}
      propertyPath: m_LocalPosition.x
      value: -2.2265348
      objectReference: {fileID: 0}
    - target: {fileID: 185081030031293555, guid: 34e2be6ada89e09c49f01e917a7cca5b,
        type: 3}
      propertyPath: m_LocalPosition.y
      value: -1.2669706
      objectReference: {fileID: 0}
    - target: {fileID: 185081030031293555, guid: 34e2be6ada89e09c49f01e917a7cca5b,
        type: 3}
      propertyPath: m_LocalPosition.z
      value: -1.1831526
      objectReference: {fileID: 0}
    - target: {fileID: 185081030031293555, guid: 34e2be6ada89e09c49f01e917a7cca5b,
        type: 3}
      propertyPath: m_LocalRotation.x
      value: -0
      objectReference: {fileID: 0}
    - target: {fileID: 185081030031293555, guid: 34e2be6ada89e09c49f01e917a7cca5b,
        type: 3}
      propertyPath: m_LocalRotation.y
      value: -0
      objectReference: {fileID: 0}
    - target: {fileID: 185081030031293555, guid: 34e2be6ada89e09c49f01e917a7cca5b,
        type: 3}
      propertyPath: m_LocalRotation.z
      value: -0
      objectReference: {fileID: 0}
    - target: {fileID: 185081030031293555, guid: 34e2be6ada89e09c49f01e917a7cca5b,
        type: 3}
      propertyPath: m_LocalRotation.w
      value: 1
      objectReference: {fileID: 0}
    - target: {fileID: 185081030031293555, guid: 34e2be6ada89e09c49f01e917a7cca5b,
        type: 3}
      propertyPath: m_RootOrder
      value: 0
      objectReference: {fileID: 0}
    - target: {fileID: 185081030031293555, guid: 34e2be6ada89e09c49f01e917a7cca5b,
        type: 3}
      propertyPath: m_LocalEulerAnglesHint.x
      value: 0
      objectReference: {fileID: 0}
    - target: {fileID: 185081030031293555, guid: 34e2be6ada89e09c49f01e917a7cca5b,
        type: 3}
      propertyPath: m_LocalEulerAnglesHint.y
      value: 0
      objectReference: {fileID: 0}
    - target: {fileID: 185081030031293555, guid: 34e2be6ada89e09c49f01e917a7cca5b,
        type: 3}
      propertyPath: m_LocalEulerAnglesHint.z
      value: 0
      objectReference: {fileID: 0}
    - target: {fileID: 416443055479566306, guid: 34e2be6ada89e09c49f01e917a7cca5b,
        type: 3}
      propertyPath: m_Materials.Array.data[0]
      value: 
      objectReference: {fileID: 2100000, guid: 2f2090691b0713c4e9002a885306f309, type: 2}
    - target: {fileID: 4665251801308917665, guid: 34e2be6ada89e09c49f01e917a7cca5b,
        type: 3}
      propertyPath: m_Name
      value: DrinkDeliveryArea
      objectReference: {fileID: 0}
    m_RemovedComponents: []
  m_SourcePrefab: {fileID: 100100000, guid: 34e2be6ada89e09c49f01e917a7cca5b, type: 3}
--- !u!1001 &1959719807
PrefabInstance:
  m_ObjectHideFlags: 0
  serializedVersion: 2
  m_Modification:
    m_TransformParent: {fileID: 1616500640}
    m_Modifications:
    - target: {fileID: 68976559311197760, guid: 4c7b6508ce4339f99b407d12f9337627,
        type: 3}
      propertyPath: m_LocalPosition.x
      value: 0
      objectReference: {fileID: 0}
    - target: {fileID: 68976559311197760, guid: 4c7b6508ce4339f99b407d12f9337627,
        type: 3}
      propertyPath: m_LocalPosition.y
      value: 0
      objectReference: {fileID: 0}
    - target: {fileID: 68976559311197760, guid: 4c7b6508ce4339f99b407d12f9337627,
        type: 3}
      propertyPath: m_LocalPosition.z
      value: 0
      objectReference: {fileID: 0}
    - target: {fileID: 68976559311197760, guid: 4c7b6508ce4339f99b407d12f9337627,
        type: 3}
      propertyPath: m_LocalRotation.x
      value: -0
      objectReference: {fileID: 0}
    - target: {fileID: 68976559311197760, guid: 4c7b6508ce4339f99b407d12f9337627,
        type: 3}
      propertyPath: m_LocalRotation.y
      value: -0
      objectReference: {fileID: 0}
    - target: {fileID: 68976559311197760, guid: 4c7b6508ce4339f99b407d12f9337627,
        type: 3}
      propertyPath: m_LocalRotation.z
      value: -0
      objectReference: {fileID: 0}
    - target: {fileID: 68976559311197760, guid: 4c7b6508ce4339f99b407d12f9337627,
        type: 3}
      propertyPath: m_LocalRotation.w
      value: 1
      objectReference: {fileID: 0}
    - target: {fileID: 68976559311197760, guid: 4c7b6508ce4339f99b407d12f9337627,
        type: 3}
      propertyPath: m_RootOrder
      value: 0
      objectReference: {fileID: 0}
    - target: {fileID: 68976559311197760, guid: 4c7b6508ce4339f99b407d12f9337627,
        type: 3}
      propertyPath: m_LocalEulerAnglesHint.x
      value: 0
      objectReference: {fileID: 0}
    - target: {fileID: 68976559311197760, guid: 4c7b6508ce4339f99b407d12f9337627,
        type: 3}
      propertyPath: m_LocalEulerAnglesHint.y
      value: 0
      objectReference: {fileID: 0}
    - target: {fileID: 68976559311197760, guid: 4c7b6508ce4339f99b407d12f9337627,
        type: 3}
      propertyPath: m_LocalEulerAnglesHint.z
      value: 0
      objectReference: {fileID: 0}
    - target: {fileID: 6129207560977340362, guid: 4c7b6508ce4339f99b407d12f9337627,
        type: 3}
      propertyPath: m_Name
      value: Model
      objectReference: {fileID: 0}
    m_RemovedComponents: []
  m_SourcePrefab: {fileID: 100100000, guid: 4c7b6508ce4339f99b407d12f9337627, type: 3}
--- !u!114 &1980603141 stripped
MonoBehaviour:
  m_CorrespondingSourceObject: {fileID: 86586763227947249, guid: 41c5d947b13340349985c325f85edcbc,
    type: 3}
  m_PrefabInstance: {fileID: 1230595067}
  m_PrefabAsset: {fileID: 0}
  m_GameObject: {fileID: 0}
  m_Enabled: 1
  m_EditorHideFlags: 0
  m_Script: {fileID: 11500000, guid: 5f607ff7ba8dc7a78b0de280f07657d6, type: 3}
  m_Name: 
  m_EditorClassIdentifier: 
--- !u!114 &2024306754 stripped
MonoBehaviour:
  m_CorrespondingSourceObject: {fileID: 4361779492038870545, guid: 4c7b6508ce4339f99b407d12f9337627,
    type: 3}
  m_PrefabInstance: {fileID: 1959719807}
  m_PrefabAsset: {fileID: 0}
  m_GameObject: {fileID: 0}
  m_Enabled: 1
  m_EditorHideFlags: 0
  m_Script: {fileID: 11500000, guid: 27ef612e59a94209ea24adb87dc8b88c, type: 3}
  m_Name: 
  m_EditorClassIdentifier: 
--- !u!4 &51290563601868608
Transform:
  m_ObjectHideFlags: 0
  m_CorrespondingSourceObject: {fileID: 0}
  m_PrefabInstance: {fileID: 0}
  m_PrefabAsset: {fileID: 0}
  m_GameObject: {fileID: 3957927013125674323}
  m_LocalRotation: {x: 0, y: 0, z: 0, w: 1}
  m_LocalPosition: {x: 0, y: 0, z: 0}
  m_LocalScale: {x: 0.01, y: 0.01, z: 0.01}
  m_Children:
  - {fileID: 6237743687218474245}
  - {fileID: 6531429299459518956}
  - {fileID: 6376283276730255057}
  m_Father: {fileID: 2565203157847628120}
  m_RootOrder: 0
  m_LocalEulerAnglesHint: {x: 0, y: 0, z: 0}
--- !u!65 &802082946103836360
BoxCollider:
  m_ObjectHideFlags: 0
  m_CorrespondingSourceObject: {fileID: 0}
  m_PrefabInstance: {fileID: 0}
  m_PrefabAsset: {fileID: 0}
  m_GameObject: {fileID: 1507068027533297538}
  m_Material: {fileID: 0}
  m_IsTrigger: 0
  m_Enabled: 1
  serializedVersion: 2
  m_Size: {x: 0.35, y: 0.6, z: 0.35}
  m_Center: {x: 0, y: 0.3, z: 0}
--- !u!23 &939443535797836392
MeshRenderer:
  m_ObjectHideFlags: 0
  m_CorrespondingSourceObject: {fileID: 0}
  m_PrefabInstance: {fileID: 0}
  m_PrefabAsset: {fileID: 0}
  m_GameObject: {fileID: 6234329176434405312}
  m_Enabled: 1
  m_CastShadows: 1
  m_ReceiveShadows: 1
  m_DynamicOccludee: 1
  m_MotionVectors: 1
  m_LightProbeUsage: 1
  m_ReflectionProbeUsage: 1
  m_RayTracingMode: 2
  m_RenderingLayerMask: 1
  m_RendererPriority: 0
  m_Materials:
  - {fileID: 2100000, guid: 349f28f55ca4b1613912fb0a43c93d87, type: 2}
  m_StaticBatchInfo:
    firstSubMesh: 0
    subMeshCount: 0
  m_StaticBatchRoot: {fileID: 0}
  m_ProbeAnchor: {fileID: 0}
  m_LightProbeVolumeOverride: {fileID: 0}
  m_ScaleInLightmap: 1
  m_ReceiveGI: 1
  m_PreserveUVs: 0
  m_IgnoreNormalsForChartDetection: 0
  m_ImportantGI: 0
  m_StitchLightmapSeams: 1
  m_SelectedEditorRenderState: 3
  m_MinimumChartSize: 4
  m_AutoUVMaxDistance: 0.5
  m_AutoUVMaxAngle: 89
  m_LightmapParameters: {fileID: 0}
  m_SortingLayerID: 0
  m_SortingLayer: 0
  m_SortingOrder: 0
--- !u!1001 &1311112115303275976
PrefabInstance:
  m_ObjectHideFlags: 0
  serializedVersion: 2
  m_Modification:
    m_TransformParent: {fileID: 0}
    m_Modifications:
    - target: {fileID: 1311112114628028994, guid: d3714fbba5e148b479a191a1499109ed,
        type: 3}
      propertyPath: m_LocalPosition.x
      value: 0
      objectReference: {fileID: 0}
    - target: {fileID: 1311112114628028994, guid: d3714fbba5e148b479a191a1499109ed,
        type: 3}
      propertyPath: m_LocalPosition.y
      value: 1.647
      objectReference: {fileID: 0}
    - target: {fileID: 1311112114628028994, guid: d3714fbba5e148b479a191a1499109ed,
        type: 3}
      propertyPath: m_LocalPosition.z
      value: 0
      objectReference: {fileID: 0}
    - target: {fileID: 1311112114628028994, guid: d3714fbba5e148b479a191a1499109ed,
        type: 3}
      propertyPath: m_LocalRotation.x
      value: 0
      objectReference: {fileID: 0}
    - target: {fileID: 1311112114628028994, guid: d3714fbba5e148b479a191a1499109ed,
        type: 3}
      propertyPath: m_LocalRotation.y
      value: 0
      objectReference: {fileID: 0}
    - target: {fileID: 1311112114628028994, guid: d3714fbba5e148b479a191a1499109ed,
        type: 3}
      propertyPath: m_LocalRotation.z
      value: 0
      objectReference: {fileID: 0}
    - target: {fileID: 1311112114628028994, guid: d3714fbba5e148b479a191a1499109ed,
        type: 3}
      propertyPath: m_LocalRotation.w
      value: 1
      objectReference: {fileID: 0}
    - target: {fileID: 1311112114628028994, guid: d3714fbba5e148b479a191a1499109ed,
        type: 3}
      propertyPath: m_RootOrder
      value: 0
      objectReference: {fileID: 0}
    - target: {fileID: 1311112114628028994, guid: d3714fbba5e148b479a191a1499109ed,
        type: 3}
      propertyPath: m_LocalEulerAnglesHint.x
      value: 0
      objectReference: {fileID: 0}
    - target: {fileID: 1311112114628028994, guid: d3714fbba5e148b479a191a1499109ed,
        type: 3}
      propertyPath: m_LocalEulerAnglesHint.y
      value: 0
      objectReference: {fileID: 0}
    - target: {fileID: 1311112114628028994, guid: d3714fbba5e148b479a191a1499109ed,
        type: 3}
      propertyPath: m_LocalEulerAnglesHint.z
      value: 0
      objectReference: {fileID: 0}
    - target: {fileID: 1311112114628029004, guid: d3714fbba5e148b479a191a1499109ed,
        type: 3}
      propertyPath: m_Name
      value: Player
      objectReference: {fileID: 0}
    - target: {fileID: 5563492663784853087, guid: d3714fbba5e148b479a191a1499109ed,
        type: 3}
      propertyPath: m_Material
      value: 
      objectReference: {fileID: 0}
    - target: {fileID: 5563492663784853087, guid: d3714fbba5e148b479a191a1499109ed,
        type: 3}
      propertyPath: m_sharedMaterial
      value: 
      objectReference: {fileID: 0}
    m_RemovedComponents: []
  m_SourcePrefab: {fileID: 100100000, guid: d3714fbba5e148b479a191a1499109ed, type: 3}
--- !u!1 &1507068027533297538
GameObject:
  m_ObjectHideFlags: 0
  m_CorrespondingSourceObject: {fileID: 0}
  m_PrefabInstance: {fileID: 0}
  m_PrefabAsset: {fileID: 0}
  serializedVersion: 6
  m_Component:
  - component: {fileID: 2565203157847628120}
  - component: {fileID: 802082946103836360}
  - component: {fileID: 7466144399521502523}
  m_Layer: 8
  m_Name: GinBottle
  m_TagString: Untagged
  m_Icon: {fileID: 0}
  m_NavMeshLayer: 0
  m_StaticEditorFlags: 0
  m_IsActive: 1
--- !u!1 &2003552473120998860
GameObject:
  m_ObjectHideFlags: 0
  m_CorrespondingSourceObject: {fileID: 0}
  m_PrefabInstance: {fileID: 0}
  m_PrefabAsset: {fileID: 0}
  serializedVersion: 6
  m_Component:
  - component: {fileID: 6531429299459518956}
  - component: {fileID: 7906733586777921240}
  - component: {fileID: 3792199212097913446}
  - component: {fileID: 7818869351503033219}
  m_Layer: 0
  m_Name: Liquid
  m_TagString: Untagged
  m_Icon: {fileID: 0}
  m_NavMeshLayer: 0
  m_StaticEditorFlags: 0
  m_IsActive: 1
--- !u!4 &2565203157847628120
Transform:
  m_ObjectHideFlags: 0
  m_CorrespondingSourceObject: {fileID: 0}
  m_PrefabInstance: {fileID: 0}
  m_PrefabAsset: {fileID: 0}
  m_GameObject: {fileID: 1507068027533297538}
  m_LocalRotation: {x: 0, y: 0, z: 0, w: 1}
  m_LocalPosition: {x: 5.758072, y: 0, z: 1.2976344}
  m_LocalScale: {x: 1, y: 1, z: 1}
  m_Children:
  - {fileID: 51290563601868608}
  m_Father: {fileID: 0}
  m_RootOrder: 1
  m_LocalEulerAnglesHint: {x: 0, y: 0, z: 0}
--- !u!1 &3018203961302639698
GameObject:
  m_ObjectHideFlags: 0
  m_CorrespondingSourceObject: {fileID: 0}
  m_PrefabInstance: {fileID: 0}
  m_PrefabAsset: {fileID: 0}
  serializedVersion: 6
  m_Component:
  - component: {fileID: 6376283276730255057}
  - component: {fileID: 7223793255679108765}
  - component: {fileID: 6276466272985242664}
  - component: {fileID: 4986543704016737348}
  m_Layer: 0
  m_Name: Cork
  m_TagString: Untagged
  m_Icon: {fileID: 0}
  m_NavMeshLayer: 0
  m_StaticEditorFlags: 0
  m_IsActive: 1
--- !u!33 &3655816385427610350
MeshFilter:
  m_ObjectHideFlags: 0
  m_CorrespondingSourceObject: {fileID: 0}
  m_PrefabInstance: {fileID: 0}
  m_PrefabAsset: {fileID: 0}
  m_GameObject: {fileID: 6234329176434405312}
  m_Mesh: {fileID: -402879250816040808, guid: f6cdce3fbb150ba29bc206e0dc3bdda2, type: 3}
--- !u!23 &3792199212097913446
MeshRenderer:
  m_ObjectHideFlags: 0
  m_CorrespondingSourceObject: {fileID: 0}
  m_PrefabInstance: {fileID: 0}
  m_PrefabAsset: {fileID: 0}
  m_GameObject: {fileID: 2003552473120998860}
  m_Enabled: 1
  m_CastShadows: 1
  m_ReceiveShadows: 1
  m_DynamicOccludee: 1
  m_MotionVectors: 1
  m_LightProbeUsage: 1
  m_ReflectionProbeUsage: 1
  m_RayTracingMode: 2
  m_RenderingLayerMask: 1
  m_RendererPriority: 0
  m_Materials:
  - {fileID: 1463315579}
  m_StaticBatchInfo:
    firstSubMesh: 0
    subMeshCount: 0
  m_StaticBatchRoot: {fileID: 0}
  m_ProbeAnchor: {fileID: 0}
  m_LightProbeVolumeOverride: {fileID: 0}
  m_ScaleInLightmap: 1
  m_ReceiveGI: 1
  m_PreserveUVs: 0
  m_IgnoreNormalsForChartDetection: 0
  m_ImportantGI: 0
  m_StitchLightmapSeams: 1
  m_SelectedEditorRenderState: 3
  m_MinimumChartSize: 4
  m_AutoUVMaxDistance: 0.5
  m_AutoUVMaxAngle: 89
  m_LightmapParameters: {fileID: 0}
  m_SortingLayerID: 0
  m_SortingLayer: 0
  m_SortingOrder: 0
--- !u!1 &3957927013125674323
GameObject:
  m_ObjectHideFlags: 0
  m_CorrespondingSourceObject: {fileID: 0}
  m_PrefabInstance: {fileID: 0}
  m_PrefabAsset: {fileID: 0}
  serializedVersion: 6
  m_Component:
  - component: {fileID: 51290563601868608}
  m_Layer: 0
  m_Name: Meshes
  m_TagString: Untagged
  m_Icon: {fileID: 0}
  m_NavMeshLayer: 0
  m_StaticEditorFlags: 0
  m_IsActive: 1
--- !u!114 &4986543704016737348
MonoBehaviour:
  m_ObjectHideFlags: 0
  m_CorrespondingSourceObject: {fileID: 0}
  m_PrefabInstance: {fileID: 0}
  m_PrefabAsset: {fileID: 0}
  m_GameObject: {fileID: 3018203961302639698}
  m_Enabled: 1
  m_EditorHideFlags: 0
  m_Script: {fileID: 11500000, guid: f6b59ded112493810841fd2bcdd75444, type: 3}
  m_Name: 
  m_EditorClassIdentifier: 
  trailMaterial: {fileID: 2100000, guid: 9e0df7f9beedf4b23995bc8fb9c038db, type: 2}
--- !u!1001 &5536996283393359613
PrefabInstance:
  m_ObjectHideFlags: 0
  serializedVersion: 2
  m_Modification:
    m_TransformParent: {fileID: 0}
    m_Modifications:
    - target: {fileID: 5536996283193562920, guid: ca73b79d133381089a551861dfa175be,
        type: 3}
      propertyPath: m_LocalPosition.x
      value: 3.229
      objectReference: {fileID: 0}
    - target: {fileID: 5536996283193562920, guid: ca73b79d133381089a551861dfa175be,
        type: 3}
      propertyPath: m_LocalPosition.y
      value: 0
      objectReference: {fileID: 0}
    - target: {fileID: 5536996283193562920, guid: ca73b79d133381089a551861dfa175be,
        type: 3}
      propertyPath: m_LocalPosition.z
      value: -3.104
      objectReference: {fileID: 0}
    - target: {fileID: 5536996283193562920, guid: ca73b79d133381089a551861dfa175be,
        type: 3}
      propertyPath: m_LocalRotation.x
      value: 0
      objectReference: {fileID: 0}
    - target: {fileID: 5536996283193562920, guid: ca73b79d133381089a551861dfa175be,
        type: 3}
      propertyPath: m_LocalRotation.y
      value: 0
      objectReference: {fileID: 0}
    - target: {fileID: 5536996283193562920, guid: ca73b79d133381089a551861dfa175be,
        type: 3}
      propertyPath: m_LocalRotation.z
      value: 0
      objectReference: {fileID: 0}
    - target: {fileID: 5536996283193562920, guid: ca73b79d133381089a551861dfa175be,
        type: 3}
      propertyPath: m_LocalRotation.w
      value: 1
      objectReference: {fileID: 0}
    - target: {fileID: 5536996283193562920, guid: ca73b79d133381089a551861dfa175be,
        type: 3}
      propertyPath: m_RootOrder
      value: 7
      objectReference: {fileID: 0}
    - target: {fileID: 5536996283193562920, guid: ca73b79d133381089a551861dfa175be,
        type: 3}
      propertyPath: m_LocalEulerAnglesHint.x
      value: 0
      objectReference: {fileID: 0}
    - target: {fileID: 5536996283193562920, guid: ca73b79d133381089a551861dfa175be,
        type: 3}
      propertyPath: m_LocalEulerAnglesHint.y
      value: 0
      objectReference: {fileID: 0}
    - target: {fileID: 5536996283193562920, guid: ca73b79d133381089a551861dfa175be,
        type: 3}
      propertyPath: m_LocalEulerAnglesHint.z
      value: 0
      objectReference: {fileID: 0}
    - target: {fileID: 5536996283193562921, guid: ca73b79d133381089a551861dfa175be,
        type: 3}
      propertyPath: pickupPrefab
      value: 
      objectReference: {fileID: 250751711721365287, guid: 97d1af8e4547d5874b4dd014f3fc18ae,
        type: 3}
    - target: {fileID: 5536996283193562921, guid: ca73b79d133381089a551861dfa175be,
        type: 3}
      propertyPath: item
      value: 
      objectReference: {fileID: 11400000, guid: 55d890655683b9958bc9707a6427bf25,
        type: 2}
    - target: {fileID: 5536996283193562926, guid: ca73b79d133381089a551861dfa175be,
        type: 3}
      propertyPath: m_Name
      value: ItemSpawner
      objectReference: {fileID: 0}
    m_RemovedComponents: []
  m_SourcePrefab: {fileID: 100100000, guid: ca73b79d133381089a551861dfa175be, type: 3}
--- !u!1 &6234329176434405312
GameObject:
  m_ObjectHideFlags: 0
  m_CorrespondingSourceObject: {fileID: 0}
  m_PrefabInstance: {fileID: 0}
  m_PrefabAsset: {fileID: 0}
  serializedVersion: 6
  m_Component:
  - component: {fileID: 6237743687218474245}
  - component: {fileID: 3655816385427610350}
  - component: {fileID: 939443535797836392}
  m_Layer: 0
  m_Name: Bottle
  m_TagString: Untagged
  m_Icon: {fileID: 0}
  m_NavMeshLayer: 0
  m_StaticEditorFlags: 0
  m_IsActive: 1
--- !u!4 &6237743687218474245
Transform:
  m_ObjectHideFlags: 0
  m_CorrespondingSourceObject: {fileID: 0}
  m_PrefabInstance: {fileID: 0}
  m_PrefabAsset: {fileID: 0}
  m_GameObject: {fileID: 6234329176434405312}
  m_LocalRotation: {x: 0, y: -0, z: -0, w: 1}
  m_LocalPosition: {x: 0, y: 0, z: 0}
  m_LocalScale: {x: 1, y: 1, z: 1}
  m_Children: []
  m_Father: {fileID: 51290563601868608}
  m_RootOrder: 0
  m_LocalEulerAnglesHint: {x: 0, y: 0, z: 0}
--- !u!23 &6276466272985242664
MeshRenderer:
  m_ObjectHideFlags: 0
  m_CorrespondingSourceObject: {fileID: 0}
  m_PrefabInstance: {fileID: 0}
  m_PrefabAsset: {fileID: 0}
  m_GameObject: {fileID: 3018203961302639698}
  m_Enabled: 1
  m_CastShadows: 1
  m_ReceiveShadows: 1
  m_DynamicOccludee: 1
  m_MotionVectors: 1
  m_LightProbeUsage: 1
  m_ReflectionProbeUsage: 1
  m_RayTracingMode: 2
  m_RenderingLayerMask: 1
  m_RendererPriority: 0
  m_Materials:
  - {fileID: 2100000, guid: 683481c0fe620164794320228bafb101, type: 2}
  m_StaticBatchInfo:
    firstSubMesh: 0
    subMeshCount: 0
  m_StaticBatchRoot: {fileID: 0}
  m_ProbeAnchor: {fileID: 0}
  m_LightProbeVolumeOverride: {fileID: 0}
  m_ScaleInLightmap: 1
  m_ReceiveGI: 1
  m_PreserveUVs: 0
  m_IgnoreNormalsForChartDetection: 0
  m_ImportantGI: 0
  m_StitchLightmapSeams: 1
  m_SelectedEditorRenderState: 3
  m_MinimumChartSize: 4
  m_AutoUVMaxDistance: 0.5
  m_AutoUVMaxAngle: 89
  m_LightmapParameters: {fileID: 0}
  m_SortingLayerID: 0
  m_SortingLayer: 0
  m_SortingOrder: 0
--- !u!4 &6376283276730255057
Transform:
  m_ObjectHideFlags: 0
  m_CorrespondingSourceObject: {fileID: 0}
  m_PrefabInstance: {fileID: 0}
  m_PrefabAsset: {fileID: 0}
  m_GameObject: {fileID: 3018203961302639698}
  m_LocalRotation: {x: 0, y: -0, z: -0, w: 1}
  m_LocalPosition: {x: 0, y: 62, z: 0}
  m_LocalScale: {x: 1, y: 1, z: 1}
  m_Children: []
  m_Father: {fileID: 51290563601868608}
  m_RootOrder: 2
  m_LocalEulerAnglesHint: {x: 0, y: 0, z: 0}
--- !u!4 &6531429299459518956
Transform:
  m_ObjectHideFlags: 0
  m_CorrespondingSourceObject: {fileID: 0}
  m_PrefabInstance: {fileID: 0}
  m_PrefabAsset: {fileID: 0}
  m_GameObject: {fileID: 2003552473120998860}
  m_LocalRotation: {x: 0, y: -0, z: -0, w: 1}
  m_LocalPosition: {x: 0, y: 22, z: 0}
  m_LocalScale: {x: 1, y: 1, z: 1}
  m_Children: []
  m_Father: {fileID: 51290563601868608}
  m_RootOrder: 1
  m_LocalEulerAnglesHint: {x: 0, y: 0, z: 0}
--- !u!33 &7223793255679108765
MeshFilter:
  m_ObjectHideFlags: 0
  m_CorrespondingSourceObject: {fileID: 0}
  m_PrefabInstance: {fileID: 0}
  m_PrefabAsset: {fileID: 0}
  m_GameObject: {fileID: 3018203961302639698}
  m_Mesh: {fileID: 8449195834444246875, guid: f6cdce3fbb150ba29bc206e0dc3bdda2, type: 3}
--- !u!114 &7466144399521502523
MonoBehaviour:
  m_ObjectHideFlags: 0
  m_CorrespondingSourceObject: {fileID: 0}
  m_PrefabInstance: {fileID: 0}
  m_PrefabAsset: {fileID: 0}
  m_GameObject: {fileID: 1507068027533297538}
  m_Enabled: 1
  m_EditorHideFlags: 0
  m_Script: {fileID: 11500000, guid: 5f607ff7ba8dc7a78b0de280f07657d6, type: 3}
  m_Name: 
  m_EditorClassIdentifier: 
  offsetEulerAngle: {x: 0, y: 0, z: 0}
  offsetPosition: {x: 0.45, y: 0.1, z: 0}
  collider: {fileID: 802082946103836360}
  bottledLiquidEffect: {fileID: 7818869351503033219}
  corkPopEffect: {fileID: 4986543704016737348}
--- !u!114 &7818869351503033219
MonoBehaviour:
  m_ObjectHideFlags: 0
  m_CorrespondingSourceObject: {fileID: 0}
  m_PrefabInstance: {fileID: 0}
  m_PrefabAsset: {fileID: 0}
  m_GameObject: {fileID: 2003552473120998860}
  m_Enabled: 1
  m_EditorHideFlags: 0
  m_Script: {fileID: 11500000, guid: 3859539b77d7b9f6697e9d0892b36947, type: 3}
  m_Name: 
  m_EditorClassIdentifier: 
  renderer: {fileID: 3792199212097913446}
  heightMax: 0.05
  heightMin: -0.18
  fillValue: 1
--- !u!33 &7906733586777921240
MeshFilter:
  m_ObjectHideFlags: 0
  m_CorrespondingSourceObject: {fileID: 0}
  m_PrefabInstance: {fileID: 0}
  m_PrefabAsset: {fileID: 0}
  m_GameObject: {fileID: 2003552473120998860}
  m_Mesh: {fileID: -2721331549007201028, guid: f6cdce3fbb150ba29bc206e0dc3bdda2, type: 3}
